2705 3881
401 157 496 222 94
578 158 579 161 ’
993 142 1337 218 General
1382 144 1629 219 Note-9

404 329 473 395 (6)
540 333 775 380 Genitive
804 334 863 379 of
889 334 983 379 the
1017 334 1142 388 part
1174 328 1253 394 (or
1282 334 1295 358 ⁸
1312 327 1554 391 partitive
1586 328 1809 391 genitive
1824 331 1875 391 ’),
1906 329 2196 394 depending

725 425 794 459 on
828 410 1196 469 substantives,
1233 409 1529 473 adjectives,
1567 424 1626 459 or
1658 425 1958 472 pronouns:

595 521 718 571 pars
748 510 1008 557 victoriae.
1078 508 1125 566 6,
1160 509 1206 558 9.

595 604 703 639 non
737 591 819 638 sat
851 591 930 637 est
962 590 1220 638 malorum.
1287 590 1336 649 9,
1375 590 1454 640 22.

595 672 702 732 spei
734 668 1063 731 permultum,
1099 669 1188 719 sed
1218 672 1294 719 rei
1327 671 1479 719 nihil.
1548 672 1628 734 11,
1664 670 1747 721 11.

595 755 814 814 captans
845 752 944 801 hoc
978 753 1123 802 lucri.
1195 753 1271 811 16,
1307 754 1389 803 27.

596 837 859 887 tantulum
892 851 1083 899 operae.
1151 837 1230 894 31,
1266 838 1313 887 7.

597 920 782 968 laboris
814 917 1028 980 aliquid.
1095 917 1177 978 43,
1212 919 1290 968 16.

1121 1111 1178 1160 O.
1243 1116 1482 1164 DATIVE.

501 1224 611 1275 The
638 1226 822 1276 Dative
855 1227 1069 1277 denotes
1098 1228 1181 1294 (Α)
1208 1229 1300 1278 the
1333 1244 1523 1291 person
1556 1244 1616 1278 or
1647 1229 1802 1293 thing
1832 1231 2196 1288 concerned‚-

402 1319 521 1355 uses
562 1306 628 1374 (2)
668 1311 723 1357 to
766 1308 834 1373 (δ)
874 1309 1024 1370 given
1070 1308 1230 1360 below
1268 1308 1423 1371 being
1466 1310 1657 1371 special
1699 1312 1960 1376 examples
2003 1313 2059 1363 of
2103 1313 2196 1379 (1);

405 1386 489 1451 (B)
523 1390 778 1452 tendency
810 1406 868 1438 or
899 1405 1136 1453 purpose,
1170 1391 1255 1440 i.e.
1294 1389 1362 1458 (6)
1398 1391 1575 1441 belovv.

403 1510 470 1575 (1)
535 1517 723 1565 Dative
755 1520 815 1565 of
841 1529 1032 1574 person
1065 1529 1127 1565 or
1157 1518 1315 1574 thing
1346 1520 1669 1568 concor-ned:

533 1627 606 1689 (a)
671 1630 858 1678 Dative
891 1630 950 1692 of
977 1629 1290 1689 advantaye:

595 1724 702 1760 non
734 1713 956 1760 omnibus
989 1725 1105 1760 sum
1138 1711 1296 1760 domi.
1363 1712 1413 1769 2,
1450 1710 1500 1760 5.

592 1794 692 1842 sibi
726 1792 937 1855 sapiunt
970 1807 1103 1842 sues.
1169 1793 1249 1853 40,
1288 1793 1370 1840 28.

593 1877 695 1922 sibi
729 1877 914 1923 cavent
946 1873 1003 1923 in
1035 1873 1233 1924 castris.
1310 1873 1388 1932 11,
1421 1872 1473 1922 4.

595 1957 892 2006 consultum
924 1960 1002 2005 est
1035 1972 1172 2019 equo,
1246 1955 1325 2015 19,
1362 1956 1410 2005 6.

593 2040 941 2089 commodiora
975 2042 1180 2088 servant
1213 2039 1454 2087 venturis.
1524 2039 1601 2100 19,
1639 2039 1690 2088 2.

532 2164 602 2233 (b)
667 2168 856 2215 Dative
889 2168 951 2229 of
975 2167 1371 2227 disadvantayez

593 2280 726 2328 quae
757 2266 856 2316 erit
887 2269 1021 2316 victo
1054 2266 1257 2328 poena?
1322 2266 1370 2324 6,
1409 2267 1485 2315 14.

593 2347 747 2409 periit
782 2348 874 2396 tibi
909 2347 1225 2410 syllabarum
1258 2348 1540 2408 quantitas.
1613 2349 1660 2409 9,
1698 2348 1780 2399 16.

593 2429 723 2479 alter
756 2432 907 2479 alteri
939 2429 997 2478 in
1030 2444 1175 2479 mora
1209 2433 1302 2479 est.
1376 2431 1457 2490 31,
1496 2431 1575 2481 27.

596 2510 856 2560 cicatrices
887 2510 1167 2572 pinxerunt
1201 2512 1298 2560 tibi
1332 2509 1534 2559 faciem.
1600 2510 1683 2569 36,
1718 2512 1797 2563 19.

595 2607 742 2658 After
772 2608 918 2658 verbs
951 2608 1006 2657 of
1038 2610 1213 2671 takinq
1244 2622 1421 2673 away:

594 2705 798 2755 nihilne
833 2709 930 2756 tibi
965 2706 1262 2769 ademptum
1295 2706 1413 2756 est‘?
1481 2706 1559 2767 11,
1598 2706 1679 2755 25.

593 2790 907 2839 iucunditati
940 2804 1005 2838 ne
1038 2790 1270 2839 senectus
1303 2787 1512 2851 quidem
1546 2788 1797 2839 detrahet.
1864 2790 1946 2849 26,
1983 2792 2063 2839 20.

529 2924 598 2990 (ο)
661 2926 820 2974 Ethio
857 2925 1028 2973 dative
1071 2924 1340 2986 (denoting
1383 2924 1473 2974 the
1517 2938 1706 2987 person
1749 2923 2027 2975 interested
2064 2925 2122 2974 in
2161 2941 2193 2975 a

723 3006 1039 3072 statement),
1082 3006 1207 3069 only
1243 3006 1484 3067 personal
1520 3019 1788 3068 pronouns
1824 3004 1885 3055 in
1919 3004 2075 3069 lively
2112 3021 2189 3055 ex-

722 3104 1016 3153 pressionst

592 3192 653 3241 tu
683 3192 814 3239 mihi
844 3188 1070 3240 consiste
1101 3204 1134 3239 a
1166 3190 1320 3249 tergo.
1394 3189 1441 3245 4,
1479 3189 1559 3237 10.

594 3287 658 3321 en
693 3274 789 3321 tibi
820 3271 1027 3321 advenit
1059 3271 1251 3320 Venus.
1318 3272 1399 3328 27,
1434 3271 1484 3322 6.

593 3356 736 3403 totus
767 3353 902 3403 alius
931 3354 1070 3402 nobis
1102 3350 1299 3402 redisti.
1369 3352 1417 3413 9,
1456 3352 1505 3402 1.
