2705 3881
785 206 943 280 The
992 201 1492 278 horse-dealer
1544 201 1930 277 outwitted
2152 210 2244 275 15

458 391 792 454 carissimo.
884 386 1133 451 inducit
1207 387 1273 448 in
1349 383 1698 461 stabulum,
1767 383 1947 447 iubet
2019 384 2248 468 eligere

456 516 534 557 ex
593 490 886 555 omnibus
936 489 1113 573 equis
1163 508 1603 573 quemcunque
1656 484 1897 548 vellem.
1987 485 2248 549 tandem

458 617 619 658 1111113
647 592 790 680 plus
826 591 1048 655 ceteris
1087 587 1430 652 arridebat.
1520 586 1627 650 ille
1665 587 1902 673 probat
1941 586 2247 651 iudicium

460 719 706 772 meum;
770 692 914 758 eum
974 714 1206 779 equum
1271 713 1313 754 a
1378 688 1596 753 multis
1661 690 2018 776 expetitum
2082 712 2251 768 esse;

459 822 524 863 se
580 820 723 862 eum
784 797 1075 861 maluisse
1132 817 1376 858 servare
1434 796 1638 858 amico
1698 795 2004 879 singulari
2055 818 2248 881 quam
2278 819 2308 873 5

461 901 698 985 ignotis
779 899 1086 964 addicere.
1199 905 1583 961 conventum
1667 905 1763 960 est
1844 896 1923 960 de
2001 899 2250 984 preti03

459 1011 828 1066 numeratur
889 1002 1158 1088 pecunia
1219 1023 1547 1087 praesens3
1628 1000 1993 1066 conscendo,
2090 1002 2253 1065 mira

459 1104 789 1168 alacritate
817 1103 1133 1189 gestiebat
1162 1126 1361 1190 equus
1390 1103 1457 1166 in
1479 1125 1727 1187 egressu
1750 1131 1768 1179 3
1807 1103 2067 1166 dixisses
2088 1105 2250 1167 fero-

461 1232 594 1272 cem
624 1232 767 1272 esse.
860 1207 971 1270 ubi
1002 1207 1129 1269 iam
1159 1207 1589 1291 equitaveram
1622 1207 1785 1269 circa
1814 1208 2059 1284 horam,
2090 1206 2250 1270 sensi

461 1311 648 1398 plane
686 1310 916 1374 lassum
956 1332 1037 1372 ne
1076 1307 1422 1371 calcaribus
1461 1307 1720 1393 quidem
1765 1308 2007 1394 impelli
2051 1331 2246 1395 posse.
2285 1333 2344 1368 10

460 1412 783 1477 audieram
829 1412 988 1475 tales
1031 1410 1116 1474 ab
1159 1410 1284 1474 illis
1327 1410 1439 1488 ali,
1481 1433 1641 1496 quos
1691 1412 1895 1498 specie
1945 1410 2253 1475 iudicares

461 1519 756 1603 insigneS,
799 1524 1077 1580 ceterum
1128 1513 1365 1578 laboris
1416 1515 1842 1600 impatientes,
1932 1522 2089 1580 tunc
2131 1539 2252 1600 ego

461 1641 741 1683 mecum:
789 1624 806 1654 ‘
826 1624 1052 1703 captus
1079 1638 1236 1680 sum.
1325 1637 1468 1698 age,
1495 1636 1614 1699 par
1641 1616 1781 1702 pari
1821 1616 2111 1694 referam,
2142 1615 2251 1679 ubi

414 1716 419 1717 ⁷
461 1721 705 1784 rediero
743 1721 1047 1785 domum.'

590 1827 714 1888 An.
761 1822 920 1909 quid
948 1822 1193 1886 consilii
1223 1821 1515 1907 capiebas
1544 1845 1732 1907 eques
1761 1822 1893 1886 sine
1922 1845 2087 1908 equo
2106 1826 2135 1886 Ρ
2286 1849 2343 1906 15

591 1927 710 1992 ΡΗ.
765 1923 833 1989 id
863 1924 1035 2011 quod
1075 1947 1171 1988 res
1209 1923 1429 1988 dabat.
1514 1923 1742 1988 deflexi
1782 1925 1849 1988 in
1889 1926 2253 2012 proximum

462 2029 707 2103 vicum3
780 2028 912 2091 illic
968 2028 1127 2090 clam
1188 2026 1364 2113 apud
1419 2027 1738 2112 quendam
1803 2028 1961 2091 mihi
2026 2035 2254 2093 notum

462 2130 723 2217 deposui
747 2152 979 2216 equum
1002 2136 1070 2193 et
1089 2128 1367 2193 conduxi
1397 2130 1689 2195 alterum.
1766 2131 2086 2216 profectus
2115 2152 2254 2193 sum

462 2255 591 2319 quo
618 2233 1024 2296 destinaram.
1114 2254 1393 2294 reversus
1422 2254 1556 2294 sum
1580 2258 1600 2307 ς
1642 2232 1839 2295 reddo
1868 2232 2254 2297 conductum

461 2357 734 2421 equum;
777 2333 965 2398 redeo
1004 2334 1085 2398 ad
1125 2334 1490 2398 locatorem.
1581 2358 1738 2420 rogo
1778 2343 1854 2400 ut
1891 2337 1959 2400 in
1999 2336 2255 2401 stabulo
2283 2360 2348 2396 20

461 2461 575 2501 suo
603 2460 837 2524 equum
867 2436 1001 2500 alat
1029 2437 1162 2500 dies
1191 2437 1463 2524 aliquot,
1494 2438 1693 2501 donec
1722 2448 2023 2526 repetam.
2113 2463 2254 2527 per-

461 2548 762 2604 contatur
781 2562 974 2623 quam
998 2538 1326 2602 commode
1348 2561 1449 2602 me
1470 2540 1748 2624 gesserit.
1804 2563 1922 2624 ego
1945 2565 2092 2605 vero
2116 2543 2255 2606 iuro

462 2666 576 2729 per
603 2643 817 2705 omnia
846 2665 1021 2706 sacra
1051 2665 1149 2705 me
1188 2665 1516 2728 nunquam
1557 2643 1624 2705 in
1655 2644 1792 2707 vita
1830 2643 2255 2709 conscendisse

461 2754 711 2830 tergum
758 2746 902 2831 equi
953 2744 1286 2820 feliciori83
1341 2744 1579 2808 volasse
1623 2746 1839 2832 potius
1884 2769 2076 2833 quam
2121 2771 2253 2812 am-

463 2849 727 2926 bulasse,
752 2871 865 2911 nec
895 2855 1029 2910 tam
1061 2848 1255 2931 longo
1284 2848 1513 2911 itinere
1544 2871 1823 2934 unquam
1848 2849 2103 2912 sensisse
2131 2850 2252 2914 las·
2283 2874 2342 2927 25

462 2952 825 3030 situdinem,
855 2975 969 3015 nec
1000 2952 1132 3037 pilo
1162 2953 1404 3015 factum
1436 2951 1521 3016 ob
1551 2951 1832 3016 laborem
1864 2954 2249 3020 macriorem.

460 3054 615 3116 haec
644 3075 785 3115 cum
818 3051 911 3115 illi
942 3053 1380 3138 persuasissem
1412 3075 1541 3115 esse
1571 3075 1737 3133 vera,
1769 3056 2004 3119 tacitus
2042 3079 2250 3122 secum

462 3155 791 3241 cogitabat
819 3177 1051 3240 equum
1089 3154 1269 3218 illum
1310 3155 1509 3218 alium
1549 3179 1677 3219 esse
1716 3181 1908 3243 quam
1948 3158 2253 3225 hactenus

462 3259 811 3344 suspicatus
828 3263 1005 3319 esset.
1054 3257 1294 3341 itaque,
1311 3258 1677 3343 priusquam
1699 3258 1959 3338 abirem,
1978 3262 2252 3344 rogabat

461 3383 613 3423 num
661 3358 819 3421 mihi
861 3356 1095 3420 venalis
1134 3366 1296 3422 esset
1342 3382 1558 3445 equus,
1650 3361 1859 3446 primo
1899 3362 2208 3446 negabam
2234 3394 2250 3442 ;
2277 3388 2342 3438 30
