2705 3881
478 215 620 281 102
1067 207 1416 284 General
1459 210 1711 288 Notee

668 391 935 450 peccatum
967 392 1052 447 cit,
1090 390 1134 439 si
1167 392 1284 453 quis
1317 394 1475 443 dicat.
1542 394 1623 456 21,
1664 394 1745 444 11.

660 485 868 532 possem,
905 470 950 520 si
984 472 1195 529 adesset,
1213 473 1411 524 laurus.
1478 476 1558 532 24,
1599 476 1675 523 15.

666 550 773 600 nisi
803 551 1080 601 laterculus
1114 555 1401 615 obstitisset,
1436 558 1489 604 te
1518 558 1763 605 vicissem..
1832 559 1879 617 7,
1921 557 1999 606 14.

572 680 700 730 N.B.
734 680 826 730 the
857 681 998 732 vivid
1029 684 1441 733 constructione:

667 789 959 846 viceramus,
995 789 1040 836 si
1072 791 1165 838 tuo
1199 789 1503 838 constitisset
1535 789 1666 838 loco.
1733 789 1783 851 4,
1822 791 1903 842 27.

668 878 793 929 erat,
829 870 933 919 nisi
968 884 1114 919 secus
1147 878 1271 920 esset
1302 874 1467 920 vicum
1499 871 1713 934 superis.
1781 873 1830 932 9,
1867 874 1947 922 23.

478 993 544 1058 (8)
611 999 913 1045 concessive
946 999 1311 1055 subjunctive:

668 1102 772 1162 fiet,
810 1101 1090 1151 dummodo
1125 1103 1281 1152 dicae.
1356 1103 1404 1164 2,
1443 1102 1524 1152 19.

668 1198 774 1232 non
809 1183 988 1244 magni
1021 1183 1247 1241 referret,
1282 1183 1435 1233 modo
1468 1199 1620 1233 essem
1652 1183 1824 1236 homo,
1895 1185 1976 1242 40,
2012 1185 2093 1234 24.

669 1264 904 1326 quamvis
936 1267 1044 1325 sim,
1084 1267 1143 1314 tu
1178 1264 1392 1313 felicior.
1460 1267 1509 1324 4,
1544 1267 1589 1316 2.

669 1349 757 1398 sed
792 1351 972 1398 habeat
1006 1362 1144 1398 sane.
1218 1350 1299 1408 49,
1337 1350 1415 1396 18.

475 1483 546 1542 (4)
609 1485 758 1531 Pina]
791 1486 1142 1542 subjunctive,
1178 1481 1262 1532 i.e.
1298 1480 1545 1543 denoting
1571 1496 1814 1544 pmpoeet

668 1592 775 1625 non
810 1577 1030 1625 vivimus
1065 1581 1122 1626 ut
1156 1578 1458 1626 studeamus.
1527 1580 1575 1640 3,
1613 1580 1662 1628 6.

668 1662 852 1707 curant
886 1663 943 1707 ut
975 1662 1234 1707 extremus
1267 1661 1417 1707 actus
1448 1661 1517 1708 eit
1550 1658 1798 1720 optimus.
1866 1662 1945 1718 21,
1981 1663 2030 1712 8.

665 1754 791 1803 paro
828 1739 1129 1804 (hominem)
1166 1740 1255 1800 qui
1289 1740 1421 1788 mihi
1452 1745 1654 1803 partem
1688 1750 1827 1804 ayat.
1897 1743 1973 1803 16,
2014 1746 2063 1794 8.

667 1821 941 1881 designant
974 1819 1225 1878 cubicula,
1262 1821 1350 1869 ubi
1384 1836 1491 1870 sese
1526 1829 1728 1872 exuant.
1797 1823 1878 1883 19,
1913 1826 1961 1875 9.

667 1905 736 1954 do
768 1918 994 1966 operam,
1029 1917 1097 1953 ne
1130 1904 1315 1954 merito
1348 1907 1597 1967 vapulem.
1665 1906 1746 1966 45,
1785 1907 1863 1957 16.

665 1987 967 2036 certandum
999 1989 1092 2046 est,
1132 2000 1198 2034 ne
1221 1986 1418 2047 fri-‹yeat
1453 1986 1622 2035 ludus.
1691 1988 1739 2046 3,
1776 1989 1854 2037 13.

604 2113 759 2163 Often
802 2114 860 2161 in
904 2112 1104 2161 clauses
1147 2109 1450 2160 introduced
1503 2111 1570 2174 by
1613 2110 1979 2174 conjunctione
2031 2115 2273 2175 meaning

797 2200 810 2222 ‘
827 2192 998 2251 until,’
1028 2192 1180 2241 when
1208 2192 1298 2241 the
1327 2191 1511 2241 notion
1540 2193 1600 2241 of
1624 2200 1921 2257 expectancy
1954 2191 2079 2258 (and
2110 2194 2272 2243 there-

796 2276 903 2324 fore
928 2273 1163 2337 purpoee)
1198 2274 1244 2322 is
1276 2277 1517 2334 present:

666 2392 933 2453 deponunt
959 2390 1247 2452 pecuniam,
1282 2389 1445 2438 donec
1475 2391 1738 2449 expleatur
1767 2389 2047 2451 pinacium.
2115 2392 2194 2451 22,
2224 2393 2271 2441 3.

663 2472 788 2522 libet
819 2470 1085 2532 prandere,
1123 2470 1425 2533 priusquam
1459 2472 1775 2530 inyravescat
1808 2473 2001 2519 aestus.
2071 2473 2152 2530 14,
2187 2473 2237 2523 9.

477 2621 542 2687 (δ)
610 2623 947 2671 consecutive
981 2621 1332 2678 subjunctive,
1359 2619 1445 2667 i.e.
1473 2616 1722 2679 denoting
1751 2632 2093 2679 consequence.
2164 2617 2272 2667 The

803 2706 817 2728 ⁴
831 2700 1030 2764 generis
1045 2703 1057 2724 ’
1084 2714 1176 2749 use
1198 2700 1251 2749 of
1278 2699 1369 2747 the
1394 2698 1726 2759 subjunctive
1750 2698 1800 2763 (i.
1810 2714 1854 2748 e.
1878 2699 2126 2761 denoting
2148 2700 2272 2747 kind

795 2798 854 2832 or
875 2783 1024 2849 class)
1048 2796 1218 2831 comes
1241 2780 1405 2829 under
1425 2779 1534 2828 this
1556 2779 1705 2828 head.

666 2899 882 2948 efficiam
916 2900 975 2945 ut
1007 2898 1208 2945 audias.
1275 2898 1357 2957 25,
1396 2898 1443 2944 2.

666 2979 790 3041 qm‘d
823 2978 1011 3026 accidit
1046 2977 1212 3026 Gallis
1246 2979 1304 3025 ut
1337 2976 1533 3025 bellum
1564 2976 1885 3038 suscipiant?
1951 2978 1997 3037 9,
2037 2976 2117 3023 28.

666 3075 772 3110 non
808 3060 995 3108 desunt
1028 3058 1410 3108 contionatores
1443 3058 1533 3118 qui
1564 3057 1808 3106 bellicum
1844 3065 2049 3106 canant.
2118 3057 2195 3114 11,
2222 3056 2267 3105 1.

668 3142 852 3203 dignus
886 3142 975 3202 qui
1007 3156 1111 3189 non
1149 3154 1254 3188 uno
1289 3139 1566 3202 suspendio
1591 3145 1788 3201 pereat.
1855 3140 1935 3202 31,
1977 3141 2053 3189 28.

666 3229 745 3275 est
778 3226 914 3286 quod
947 3240 1094 3285 aqam
1127 3222 1283 3273 domi.
1357 3224 1404 3283 2,
1446 3224 1524 3272 11.

667 3321 775 3354 non
807 3310 887 3355 est
920 3305 1057 3365 quod
1089 3304 1340 3353 crucieris.
1409 3304 1488 3362 24,
1524 3306 1603 3352 28.
