2705 3881
953 213 1310 312 Capping
1352 213 1615 286 storia?
2074 215 2166 290 27

380 398 626 463 Gratiis
697 398 879 462 iratis
949 399 1275 475 coierunt;
1361 400 1466 462 hic
1540 405 1850 484 perpetuo
1922 420 2169 461 morum
2241 411 2244 413 ’

380 502 741 565 iucunditas
783 501 914 565 alet
959 510 1246 566 mutuam
1291 502 1815 566 benevolentiam.

509 607 632 670 AL.
694 628 909 667 narras
949 612 1025 670 tu
1064 605 1321 690 quidem
1362 628 1570 669 raram
1611 607 2001 669 matrimonii
2032 605 2169 669 feli-

379 709 662 773 citatem.

509 816 646 879 Mu.
695 823 829 893 tam
889 839 1060 879 raras
1117 815 1387 879 virtutes
1445 838 1588 879 rara
1643 814 1826 879 decet
1881 815 2167 880 felicitas,
2198 839 2226 892 5

379 940 458 981 en
502 918 626 982 tibi
671 919 891 1005 procul
937 919 1198 982 advenit
1244 921 1450 982 Venus
1494 919 1814 984 caelestis!

509 1024 631 1085 As..
694 1021 896 1084 video.
973 1022 1084 1106 qui
1116 1021 1348 1104 fulgor,
1380 1044 1543 1106 quae
1571 1021 1811 1084 formae
1840 1021 2169 1085 maiestas!

378 1122 463 1185 ad
505 1124 670 1187 hanc
712 1122 968 1208 quidem
1013 1122 1216 1186 altera
1259 1124 1466 1185 Venus
1509 1122 1843 1185 invenusta
1884 1129 1995 1186 est.

509 1229 646 1291 ΜΠ.
696 1226 869 1290 vides
897 1249 1090 1311 quam
1122 1225 1393 1289 modesti
1423 1227 1553 1289 sint
1583 1225 1945 1312 Cupidines,

510 1329 630 1390 AL.
693 1326 882 1412 plane
922 1333 1190 1389 matrem
1231 1327 1532 1391 referunt.
1623 1349 1664 1390 o
1706 1327 1949 1390 felicem
1995 1327 2168 1391 illam
2203 1352 2263 1388 10

380 1429 638 1493 domum
681 1437 749 1493 et
784 1430 1022 1516 superis
1062 1429 1309 1514 egregie
1349 1452 1558 1492 caram
1585 1434 1599 1494 Ξ
1684 1429 1915 1493 licetne
1953 1429 2172 1493 audire

381 1555 629 1595 carmen
675 1532 849 1618 quod
893 1532 988 1595 illi
1031 1530 1442 1595 destinastis?

510 1635 648 1701 Mn.
693 1634 889 1698 immo
920 1655 1215 1719 rogamus
1244 1640 1321 1697 ut
1351 1632 1551 1697 libeat
1580 1633 1819 1700 audire.

1206 1970 1342 2045 IX.

962 2147 1284 2223 Gapping
1325 2148 1593 2209 storieS.

473 2308 990 2363 POLYMYTHUS.
1069 2308 1496 2363 GELASINUS.
1575 2310 2076 2366 EUTRAPELUS.

511 2459 619 2521 Po.
715 2465 792 2522 ut
836 2480 966 2521 non
1009 2456 1191 2521 decet
1237 2458 1563 2521 civitatem
1608 2459 1769 2521 bene
1807 2460 2171 2523 institutam

381 2582 511 2623 esse
559 2562 692 2623 sine
749 2559 995 2644 legibus
1051 2583 1124 2623 ac
1181 2561 1488 2646 principe,
1540 2561 1635 2625 ita
1686 2585 1765 2626 ne
1816 2564 2172 2627 convivium
2210 2586 2262 2638 15

383 2662 639 2747 quidem
685 2668 960 2747 oportet.
1021 2730 1027 2736 ,

513 2764 638 2829 GE.
714 2764 888 2828 istud
926 2787 1072 2827 vero
1111 2763 1341 2851 placet,
1380 2772 1455 2829 ut
1498 2788 1661 2830 unus
1704 2769 1908 2831 totius
1952 2768 2174 2853 populi

384 2868 638 2931 nomine
682 2867 1112 2952 respondeam.

515 2973 624 3035 Po.
716 2969 868 3032 heus
940 2992 1119 3055 puer,
1196 2969 1377 3034 adfer
1455 2971 1580 3034 huc
1658 2973 1840 3038 talos
1947 2975 2172 3038 horum

385 3074 697 3159 suffragiis
770 3073 1139 3137 decernetur
1206 3096 1488 3158 regnum.
1580 3097 1757 3160 euge,
1823 3078 2176 3163 Eutrapelo
2203 3105 2266 3139 20

386 3179 549 3243 favit
616 3177 879 3263 Iupiter.
987 3199 1116 3239 non
1191 3176 1365 3239 suere
1438 3184 1635 3240 sortes
1711 3201 1964 3254 caecae;
2047 3204 2173 3244 non

386 3286 643 3368 poterat
683 3279 882 3362 magis
923 3278 1183 3341 idoneus
1223 3277 1389 3361 eligi.
1483 3278 1676 3362 vulgo
1716 3278 1994 3344 iactatur
2030 3304 2174 3367 pro-

391 3384 675 3449 verbium
718 3405 847 3445 non
892 3404 1147 3461 vanum,
1191 3387 1208 3419 ⁶
1229 3404 1429 3444 novus
1473 3404 1604 3461 rex,
1648 3404 1813 3445 nova
1854 3382 1999 3448 lex?
