2705 3881
488 228 578 312 18
977 229 1176 302 Imw
1223 227 1306 300 in
1363 214 1755 318 Germany

487 412 836 500 pecuniam.
926 416 997 473 at
1040 429 1225 472 nemo
1273 405 1448 468 venit
1491 426 1605 466 nec
1648 425 1928 488 unquam
1974 406 2276 464 venturus

525 522 603 577 st.

484 538 523 605 *e
620 617 745 677 An.
792 612 1047 677 interim
1077 631 1405 695 nunquam
1435 613 1691 692 questus
1720 607 1864 668 est?

622 717 742 779 ΡΗ.
796 737 924 800 qua
944 713 1154 776 fronte
1176 717 1291 775 aut
1313 732 1443 796 quo
1466 709 1599 771 iure
1622 707 1687 770 id
1712 707 1994 770 faceret?
2066 727 2281 768 verum

445 852 471 903 5
497 842 616 903 ego
644 817 818 880 ultro
848 821 1104 900 questus
1127 836 1295 887 sum;
1325 811 1460 874 dixi
1485 810 1664 873 illum
1694 832 1770 872 eo
1799 808 1968 872 malo
1995 807 2284 892 dignum,

500 921 611 1006 qui
639 940 910 1005 propera
937 916 1300 979 venditione
1330 915 1449 978 tali
1480 935 1643 999 equo
1673 935 1773 975 me
1802 910 2212 998 spoliavisset.

1045 1424 1220 1483 Inns
1259 1422 1336 1482 in
1384 1424 1758 1497 Ger-many.

897 1587 1398 1642 BERTULPHUS.
1476 1584 1917 1638 GULIELMUS.

646 1733 760 1796 ΒΕ.
816 1733 1079 1796 fortasse
1128 1733 1235 1795 isti
1288 1755 1491 1796 mores
1540 1730 1767 1794 decent
1818 1728 2078 1804 Gallos3
2143 1727 2300 1792 mihi

518 1835 720 1919 magis
762 1832 1044 1896 arrident
1088 1834 1469 1898 Germanici.

649 1935 771 1999 Gn.
820 1934 976 1998 mihi
999 1958 1324 2021 nunquam
1349 1935 1626 2020 contigit
1656 1935 1746 1998 ire
1775 1935 1842 1997 in
1873 1933 2300 1998 Germaniam.

438 2067 498 2103 10
521 2060 715 2122 quare
754 2044 821 2101 te
859 2060 1091 2122 quaeso
1136 2061 1214 2101 ne
1256 2061 1515 2122 gravere
1550 2041 2035 2101 commemorare
2074 2035 2305 2122 quibus

523 2139 726 2203 modis
753 2140 1069 2224 accipiant
1095 2141 1429 2226 hospitem.

652 2243 768 2304 ΒΕ.
820 2264 902 2304 an
934 2241 1169 2327 ubique
1191 2244 1275 2305 sit
1296 2242 1515 2305 eadem
1538 2241 1856 2305 tractandi
1881 2242 2049 2305 ratio
2072 2241 2306 2304 nescio:

523 2342 696 2429 quod
719 2366 837 2426 ego
856 2344 985 2406 vidi
1006 2342 1293 2406 narrabo.
1378 2343 1817 2407 advenientem
1842 2366 2026 2406 nemo
2050 2343 2309 2419 salutat,

524 2469 603 2508 ne
636 2444 969 2508 videantur
995 2446 1236 2508 ambire
1264 2445 1601 2529 hospitem.
1691 2445 1757 2508 id
1787 2447 1954 2508 enim
1986 2444 2307 2508 sordidum

443 2573 501 2626 15
524 2556 591 2612 et
641 2548 957 2611 abiectum
1011 2549 1381 2611 existimant
1430 2555 1496 2610 et
1548 2547 1881 2632 indignum
1935 2548 2314 2611 Germanica

525 2652 876 2714 severitate.
967 2650 1076 2712 ubi
1107 2650 1218 2713 diu
1249 2649 1634 2727 clamaveris,
1655 2649 1914 2713 tandem
1944 2650 2174 2734 aliquis
2202 2671 2316 2733 per

526 2754 860 2816 fenestram
908 2752 1153 2837 profert
1192 2759 1407 2836 caput,
1444 2774 1571 2813 non
1617 2739 1805 2814 aliter
1847 2774 2037 2836 quam
2081 2775 2114 2812 e
2152 2758 2317 2813 testa

528 2855 837 2942 prospicit
880 2853 1152 2916 testudo
1245 2855 1296 2916 is
1336 2852 1655 2937 rogandus
1696 2860 1792 2916 est
1831 2876 1913 2915 an
1953 2852 2143 2915 liceat
2187 2852 2316 2915 illic

529 2957 857 3020 deversari.
965 2957 1015 3017 si
1067 2978 1195 3018 non
1246 2956 1478 3034 renuit,
1526 2956 1841 3041 intellegis
1898 2955 2036 3019 dari
2087 2956 2312 3019 locum.

443 3094 507 3129 20
530 3058 904 3143 rogantibus
934 3057 1044 3121 ubi
1074 3059 1160 3121 sit
1189 3057 1511 3120 stabulum
1544 3065 1719 3120 mota
1756 3080 1946 3120 manu
1982 3063 2314 3120 monstrat.

531 3162 663 3224 illic
714 3160 862 3223 licet
912 3160 1033 3224 tibi
1086 3167 1268 3223 tuum
1329 3182 1561 3245 equum
1619 3166 1895 3223 tractare
1951 3166 2068 3222 tuo
2125 3182 2315 3224 more.

533 3263 743 3326 nullus
765 3265 931 3326 enim
955 3262 1228 3325 famulus
1258 3285 1517 3325 manum
1538 3262 1854 3326 admovet.
1943 3263 1994 3325 si
2017 3262 2320 3325 celebrius

535 3374 631 3429 est
673 3366 1117 3441 deversorium,
1162 3364 1251 3427 ibi
1296 3365 1571 3428 famulus
1614 3371 1929 3429 monstrat
1974 3365 2318 3446 stabulum,
