2705 3881
522 183 615 249 32
731 169 912 244 Tlae-
935 166 1208 243 soldier
1257 168 1417 242 and
1462 167 1581 242 tlte
1636 166 2089 242 carthusiam

1361 576 1455 653 X.

770 799 917 859 'Phe
957 797 1213 859 soldier
1253 799 1396 857 and
1433 797 1554 858 the
1598 796 2038 858 carthusiam.

961 995 1200 1049 MILES.
1279 993 1864 1049 CARTHUSIANUS.

653 1167 775 1230 ΜΙ.
823 1164 1009 1242 salve,
1040 1165 1126 1226 mi
1156 1163 1370 1226 frater.

655 1267 771 1329 CA.
819 1263 985 1327 salve
1013 1269 1080 1325 et
1108 1270 1204 1339 tu,
1233 1283 1528 1345 germane
1557 1259 1886 1325 carissime.

655 1369 772 1429 M1.
823 1366 929 1427 vix
957 1372 1022 1428 te
1051 1385 1339 1448 agnosco,

657 1471 771 1532 CA.
818 1467 1055 1529 adeone
1083 1465 1377 1527 consenui
1407 1466 1579 1528 intra
1605 1464 1977 1529 biennium?

472 1600 500 1652 5
655 1570 774 1631 M1.
821 1589 987 1640 non3
1029 1565 1139 1629 sed
1167 1573 1362 1650 caput
1390 1587 1619 1643 rasum,
1649 1588 1813 1627 nova
1843 1565 2028 1628 vestis
2057 1564 2301 1628 faciunt

526 1677 603 1733 ut
632 1670 785 1732 mihi
820 1668 1082 1730 videaris
1111 1665 1285 1730 aliud
1313 1667 1566 1730 animal.

657 1773 771 1834 CA.
819 1791 1028 1832 nonne
1083 1790 1444 1852 agnosceres
1503 1790 1760 1831 uxorem
1819 1775 2020 1847 tuam,
2072 1768 2124 1830 si
2175 1768 2298 1831 tibi

527 1881 877 1938 occurreret
919 1871 1146 1935 induta
1189 1893 1354 1933 nova
1402 1874 1612 1933 veste?

654 1977 774 2038 M1.
822 1997 970 2052 non,
999 1974 1051 2035 si
1082 1971 1214 2036 tali.

443 2110 502 2147 10
653 2078 768 2140 CA.
816 2084 887 2140 at
928 2098 1048 2159 ego
1091 2082 1157 2138 te
1200 2075 1397 2159 probe
1440 2097 1731 2160 agnosc0,
1778 2075 1878 2137 cui
1925 2096 2053 2137 non
2095 2071 2295 2136 solum

526 2181 713 2244 vestis
772 2186 1022 2242 mutata
1078 2184 1193 2256 est,
1247 2201 1460 2241 verum
1518 2178 1710 2241 etiam
1762 2178 1949 2240 facies
1999 2185 2298 2261 totusque

525 2282 802 2368 corporis
827 2282 1102 2345 habitus,
1185 2288 1346 2364 quot
1375 2280 1687 2343 coloribus
1715 2280 1924 2365 pictus
1951 2302 2014 2341 es
2039 2284 2053 2343 !
2123 2280 2297 2342 nulla

523 2384 656 2448 avis
685 2406 882 2466 aeque
912 2384 1115 2446 variat
1143 2381 1390 2467 plumas
1420 2405 1579 2446 suas,

653 2487 770 2548 M1.
819 2486 905 2547 sic
961 2484 1141 2548 decet
1196 2483 1399 2547 redire
1448 2506 1483 2546 e
1532 2483 1718 2548 bello,
1806 2483 1915 2547 sed
1963 2484 2067 2547 dic
2117 2485 2292 2562 mihi,

442 2615 499 2667 15
523 2592 660 2650 erat
701 2585 805 2647 hic
848 2591 1032 2648 tanta
1073 2584 1383 2648 bonorum
1430 2582 1809 2646 medicorum
1855 2585 2116 2670 inopia?

651 2689 765 2751 CA.
812 2709 1002 2771 quam
1033 2685 1117 2749 ob
1146 2690 1322 2766 rem?

649 2779 767 2852 M1.
814 2787 967 2872 quia
995 2786 1153 2849 nulli
1184 2788 1549 2850 commisisti
1589 2787 1934 2851 sanandum
1970 2788 2292 2852 cerebrum

520 2898 728 2965 tuum,
743 2889 1109 2973 priusquam
1133 2890 1199 2951 in
1222 2890 1385 2952 hanc
1407 2890 1774 2954 servitutem
1797 2897 1863 2953 te
1881 2891 2290 2977 praecipitem

518 2990 714 3054 dares,

431 3125 496 3161 20
647 3095 761 3157 CA.
807 3093 980 3157 itane
1011 3093 1226 3157 videor
1252 3095 1598 3158 insanisse?

645 3196 765 3257 M1.
813 3196 1099 3258 maxime.
1188 3196 1344 3280 quid
1384 3202 1521 3259 erat
1548 3218 1788 3259 neeesse
1816 3195 1920 3259 hic
1947 3202 2014 3260 te
2041 3196 2287 3282 sepeliri

513 3303 663 3360 ante
692 3302 961 3381 tempus,
992 3318 1132 3358 cum
1164 3304 1323 3359 esset
1352 3295 1519 3359 unde
1550 3294 1872 3359 commode
1900 3296 2181 3359 viveres?
