2705 3881
499 257 593 324 38
687 242 846 319 The
892 242 1150 320 Abbot
1200 245 1362 320 and
1407 244 1528 321 the
1578 244 1889 322 learned
1935 244 2116 344 lady

1318 598 1459 674 XI.

734 802 882 862 'I'he
924 802 1154 864 Abbot
1195 804 1338 864 and
1379 804 1501 865 the
1540 803 1828 866 learned
1865 806 2051 883 lady.

916 991 1361 1047 ANTRONIUS.
1437 992 1852 1048 MAGDALIA.

624 1159 751 1221 AN.
814 1178 1004 1242 quam
1036 1154 1141 1218 hic
1168 1179 1288 1240 ego
1316 1156 1770 1243 supellectilem
1802 1156 2034 1222 video?

626 1263 766 1325 MA.
813 1283 1025 1324 nonne
1054 1260 1458 1344 elegantem?

626 1366 755 1427 AN.
815 1365 1024 1427 nescio
1075 1385 1158 1426 an
1206 1361 1603 1448 elegantem;
1665 1372 1834 1429 certe
1895 1386 2123 1451 parum
2180 1363 2287 1428 de-

497 1489 709 1529 coram
754 1474 1098 1532 matronae.

442 1597 472 1650 5
627 1571 769 1633 ΜΑ.
815 1592 1007 1655 quam
1041 1568 1125 1633 ob
1155 1573 1337 1634 rem?

627 1676 756 1736 AN.
818 1672 972 1758 quia
1000 1671 1308 1736 librorum
1338 1672 1531 1758 plena
1559 1680 1711 1737 sunt
1738 1673 1970 1737 omnia.

627 1777 769 1841 MA.
815 1782 911 1853 tu,
965 1782 1185 1838 tantus
1240 1782 1421 1852 natu,
1473 1782 1614 1839 tum
1667 1774 1913 1853 Abbas,
1965 1797 2291 1862 nunquam

450 1951 456 1956 ⁴
499 1878 713 1943 vidisti
759 1878 955 1943 libros
999 1878 1067 1940 in
1111 1877 1374 1940 aedibus
1420 1881 1903 1942 matronarum?

627 1986 756 2049 AN.
820 1981 970 2061 vidi,
1044 1980 1153 2045 sed
1221 1978 1469 2044 Gallice
1539 1980 1842 2067 scriptos:
1933 1980 2037 2044 hic
2110 1981 2294 2046 video

415 2114 474 2149 10
499 2088 774 2152 Graecos
817 2092 885 2149 et
929 2084 1213 2148 Latinos.

626 2192 770 2254 MA.
816 2211 898 2251 an
943 2186 1062 2249 soli
1099 2185 1346 2249 Gallice
1391 2187 1612 2271 scripti
1655 2186 1808 2251 libri
1849 2187 2084 2252 docent
2128 2190 2292 2273 sapi-

498 2295 786 2358 entiam?

628 2400 758 2460 AN.
820 2395 929 2460 sed
968 2394 1150 2458 decet
1187 2394 1311 2456 hoc
1351 2400 1692 2471 matronaS,
1729 2401 1806 2457 ut
1844 2393 2127 2459 habeant
2164 2418 2295 2482 quo

498 2499 818 2566 delectent
862 2500 1085 2564 otium.

417 2633 474 2685 15
630 2606 771 2667 MA.
818 2627 899 2667 an
930 2602 1077 2666 solis
1108 2601 1183 2666 iis
1213 2602 1366 2666 licet
1394 2623 1612 2686 sapere
1640 2608 1708 2665 et
1736 2602 2014 2666 suaviter
2043 2603 2295 2665 vivere?

628 2711 758 2771 AN.
821 2707 985 2770 male
1029 2707 1304 2770 conectis
1348 2728 1567 2792 sapere
1610 2712 1678 2769 et
1728 2705 2008 2768 suaviter
2050 2705 2294 2780 vive1·e;

501 2832 629 2874 non
673 2816 769 2874 est
813 2809 1118 2872 muliebre
1161 2830 1395 2893 sapere.

631 2915 773 2977 MA.
819 2935 1029 2976 nonne
1059 2912 1344 2974 omnium
1376 2916 1474 2973 est
1502 2908 1661 2973 bene
1692 2909 1943 2973 vivere?

632 3019 759 3079 AN.
822 3015 1065 3101 opinor.

416 3155 481 3191 20
632 3122 771 3184 ΜΑ.
818 3117 1142 3204 quomodo
1199 3124 1417 3203 potest
1472 3122 1688 3180 autem
1741 3117 2019 3179 suaviter
2069 3119 2295 3198 vivere,

503 3226 613 3311 qui
658 3246 787 3286 non
833 3222 994 3285 vivit
1037 3221 1244 3285 bene?

632 3328 762 3389 AN.
823 3325 1019 3386 immo
1078 3319 1401 3409 quomodo
1468 3327 1704 3407 potest⁴
1741 3322 2020 3385 suaviter
2072 3324 2297 3403 vivere,

505 3432 617 3517 qui
662 3429 823 3491 vivit
866 3426 1069 3490 bene?
