2705 3881
508 235 552 300 8
913 226 975 302 I
966 231 1407 326 mpressions
1457 231 1559 332 os
1594 234 1900 311 France

634 408 761 469 An.
808 407 933 471 tibi
965 411 1254 473 Fortuna
1285 412 1486 497 magis
1515 413 1905 500 adspiravit;
1951 413 2189 478 viribus
2227 422 2293 479 et

504 515 644 571 arte
672 531 801 571 non
832 511 954 574 tibi
987 535 1239 578 cessero.
1329 516 1437 579 sed
1477 517 1652 602 quod
1691 518 1917 581 arbitri
1957 519 2291 604 pronuiiti-

503 620 791 690 averunt,
837 614 903 676 id
947 638 1188 700 sequar.

634 719 759 780 ΑΕ.
809 719 1161 782 Germanus
1213 722 1405 798 vicit3
1463 728 1531 786 et
1580 724 1701 786 hoc
1751 723 1979 788 clarior
2027 730 2123 788 est
2166 724 2290 788 vic-

451 843 478 897 5
506 820 693 896 toria,
738 820 911 904 quod
956 821 1150 884 talem
1195 823 1502 887 artificem
1549 825 1719 889 vicit.

634 924 749 985 ΒΕ.
804 945 972 986 nunc
1001 932 1211 1003 canta,
1242 926 1445 990 Galle.

633 1026 758 1086 An.
809 1047 945 1087 sum
978 1048 1217 1089 raucus,

633 1127 749 1190 ΒΕ.
803 1127 924 1189 hoc
955 1127 1160 1190 Gallis
1190 1151 1422 1191 novum
1454 1152 1583 1192 non
1612 1137 1723 1195 est.

632 1230 759 1292 AD.
808 1227 1030 1291 floreat
1061 1230 1404 1293 Germania
1432 1238 1548 1295 ter.

422 1356 481 1392 10
634 1332 750 1394 ΒΕ.
806 1332 1001 1394 immo
1020 1339 1119 1417 ter
1134 1333 1255 1396 hoc
1277 1341 1415 1397 erat
1433 1334 1802 1398 canendum.
1864 1334 2292 1399 contraximus

505 1431 859 1507 siticulam3
933 1455 1145 1495 eamus
1203 1434 1286 1497 ad
1345 1435 1715 1511 tabernam
1785 1437 1872 1500 ibi
1933 1437 2294 1522 perficietur

506 1535 738 1597 cantio,

633 1638 760 1699 AD.
809 1658 938 1698 non
967 1659 1202 1714 recum,
1233 1638 1283 1699 si
1315 1637 1412 1701 ita
1441 1638 1696 1702 videtur
1722 1639 1995 1703 arbitris·

635 1740 750 1802 ΒΕ.
804 1739 900 1801 ita
942 1739 1330 1802 commodius
1376 1748 1489 1804 est.
1579 1741 1800 1804 melius
1844 1748 2029 1804 canet
2068 1741 2291 1805 Gallus

423 1861 480 1914 15
504 1840 642 1904 loto
683 1849 966 1926 gutture.

1329 2086 1459 2159 IV.

950 2250 1417 2324 Impressions
1457 2249 1537 2308 of
1569 2250 1852 2309 Franee.

1251 2402 1462 2462 ScEm:
1506 2402 1556 2462 Ι.

1020 2515 1403 2597 CLAUDIiJS.
1483 2543 1782 2597 BALBUS.

635 2675 743 2737 CI..
797 2670 1086 2757 gratulor
1115 2670 1238 2733 tibi
1268 2670 1335 2732 in
1366 2668 1642 2755 patriam
1671 2691 1929 2732 reverso,

633 2778 754 2841 BA.
802 2775 998 2839 immo
1025 2773 1348 2859 gratulare
1380 2773 1578 2856 magis
1608 2796 1642 2835 e
1672 2772 1887 2836 Gallia
1914 2773 2202 2858 profugo,

637 2881 744 2943 CL.
799 2878 958 2965 quid
986 2878 1129 2942 ita?

636 2982 754 3043 BA.
801 2981 954 3066 quia
985 2980 1113 3043 illic
1142 2978 1325 3043 bellis
1356 2978 1603 3040 fervent
1632 2977 1861 3041 omnia.

420 3110 483 3146 20
637 3084 743 3146 CL.
797 3081 955 3168 quid
986 3082 1189 3144 Musis
1218 3103 1359 3143 eum
1393 3080 1655 3141 Marte?

637 3189 756 3249 BA.
803 3185 986 3271 atqui
1016 3184 1147 3247 illic
1176 3206 1255 3246 ne
1286 3183 1490 3244 Musis
1519 3179 1776 3266 quidem
1808 3181 2104 3267 parcitur.

636 3290 742 3352 CL.
798 3295 872 3350 tu
902 3287 1104 3370 igitur
1133 3284 1401 3347 feliciter
1429 3282 1676 3370 elapsus
1705 3305 1787 3348 es-

636 3391 755 3454 ΒΑ.
802 3397 872 3452 at
902 3410 1031 3451 non
1060 3388 1192 3450 sine
1220 3384 1520 3472 periculo,
