2705 3881
448 193 542 258 22
943 184 1005 257 I
997 208 1142 259 was
1187 186 1272 260 in
1326 185 1725 285 Germany

443 364 509 428 id
561 365 829 453 deponit
879 366 946 430 in
1001 389 1213 430 mensa
1261 367 1499 430 tacitus
1549 367 1802 431 interim
1864 392 1939 432 ac
1996 370 2234 445 tristis;
2329 394 2340 397 ¹

443 468 830 531 Charontem
865 469 1116 534 dicereS.
1193 469 1528 556 deponunt
1563 473 1894 557 pecuniam
1934 473 2097 535 alius
2136 481 2234 536 at-

442 592 565 656 que
631 570 813 649 aliuS‚
878 570 1078 634 donec
1145 573 1481 659 expleatur
1554 575 1893 661 pinacium.
2006 575 2235 639 deinde

441 683 735 738 numerat
777 675 1047 738 tacitus:
1111 676 1163 738 si
1208 675 1369 739 nihil
1414 676 1608 755 deest,
1654 679 1884 742 annuit
1927 679 2152 764 capite.

308 833 317 840 .
383 806 410 860 5
571 779 694 842 Gn.
742 778 899 865 quid
929 779 979 841 si
1010 779 1168 864 quid
1197 784 1528 866 superest?

570 884 684 946 ΒΕ.
740 882 1005 946 fortasse
1062 882 1394 960 redderet3
1458 884 1705 949 faciunt
1762 885 1884 950 hoc
1941 909 2231 950 nonnun-

439 1008 650 1072 quam.

569 1089 692 1152 Gn.
739 1111 925 1152 nemo
954 1089 1255 1152 reclamat
1285 1089 1543 1174 iniquae
1570 1089 1854 1154 rationi?

568 1193 684 1256 ΒΕ.
737 1215 924 1254 nemo
982 1192 1093 1277 qui
1153 1192 1340 1277 sapit.
1431 1215 1579 1255 nam
1640 1195 1932 1278 protinus
1980 1195 2233 1260 audiret

350 1316 408 1351 10
434 1293 623 1379 ‘quid
654 1302 730 1358 tu
759 1317 823 1357 es
852 1295 1173 1358 hominis?
1231 1294 1434 1357 nihilo
1463 1296 1608 1381 plus
1638 1296 1837 1359 solves
1859 1320 2050 1383 quam
2082 1300 2233 1364 alii.⁹

567 1398 691 1461 Gn.
739 1396 1008 1460 liberum
1039 1397 1369 1460 hominum
1400 1420 1599 1482 genus
1630 1422 1863 1463 narras,

567 1503 682 1566 ΒΕ.
737 1501 912 1585 quod
941 1502 994 1563 si
1023 1502 1165 1585 quis
1195 1522 1273 1562 ex
1305 1501 1533 1564 itinere
1571 1501 1767 1564 lassus
1802 1503 1983 1588 cupit
2010 1527 2052 1567 a
2079 1528 2233 1568 cena

435 1611 651 1690 petere
713 1602 969 1681 lectum,
1030 1602 1288 1666 iubetur
1352 1611 1714 1689 exspectare
1775 1604 1976 1668 donec
2038 1608 2230 1670 ceteri

435 1730 690 1792 quoque
733 1714 884 1770 eant
928 1705 1234 1769 cubitum.

348 1847 403 1898 15
566 1811 688 1874 Gn.
738 1809 954 1873 videor
984 1810 1143 1890 mihi·
1171 1809 1383 1872 videre
1412 1809 1736 1873 civitatem
1769 1811 2183 1876 Platonicam.

565 1916 680 1979 BE.
735 1922 876 1978 tum
905 1937 1052 1977 suus
1092 1915 1320 1999 cuique
1356 1913 1543 1978 nidus
1584 1915 1964 1993 ostenditur,
1993 1924 2061 1981 et
2090 1940 2231 1981 vere

383 2076 387 2081 ,
435 2017 596 2081 nihil
648 2017 824 2081 aliud
883 2039 1076 2102 quam
1138 2015 1540 2091 cubiculum;
1607 2023 1865 2080 tantum
1917 2020 2082 2082 enim
2138 2020 2228 2084 ibi

434 2120 583 2184 lecti
623 2128 794 2199 sunt,
823 2127 892 2184 et
929 2127 1258 2206 praeterea
1301 2119 1464 2183 nihil
1499 2143 1629 2205 quo
1665 2122 1867 2191 utaris
1906 2130 2023 2186 aut
2056 2123 2228 2210 quod

435 2224 675 2288 fureris,
1401 2289 1404 2290 Β

345 2365 407 2401 20
566 2329 687 2393 Gn.
737 2326 895 2411 quid
925 2327 1180 2391 interim
1211 2326 1287 2389 fit
1315 2326 1395 2389 de
1426 2328 1651 2412 equis?

482 2469 486 2470 ν
565 2431 680 2492 ΒΕ.
734 2427 953 2492 eadem
983 2428 1319 2514 disciplina
1348 2436 1712 2493 tractantur
1740 2454 1869 2516 qua
1895 2432 2197 2498 homines,

565 2531 688 2594 Gn.
736 2530 846 2593 sed
873 2537 970 2593 est
998 2530 1216 2593 eadem
1250 2530 1489 2615 ubique
1518 2533 1870 2596 tractatio?

567 2636 682 2697 ΒΕ.
736 2632 972 2697 alicubi
1018 2633 1271 2696 mollior
1319 2641 1440 2712 est,
1483 2634 1719 2699 alicubi
1771 2636 1991 2700 durior
2036 2661 2229 2724 quam

435 2740 707 2803 narravi.

330 2883 389 2935 25
566 2845 690 2908 Gn.
738 2842 894 2930 quid
953 2844 1003 2906 si
1064 2866 1182 2927 ego
1241 2843 1364 2907 tibi
1436 2868 1604 2907 nunc
1672 2868 1943 2923 narrem,
2000 2848 2232 2934 quibus

437 2948 641 3012 modis
669 2949 951 3034 hospites
979 2954 1340 3011 tractentur
1370 2949 1436 3010 in
1468 2970 1542 3011 ea
1571 2956 1755 3034 parte
1778 2950 2009 3014 Italiae
2039 2963 2230 3037 quam

438 3051 952 3137 Longobardiam
982 3058 1252 3126 vocant;
1288 3074 1501 3113 rursus
1525 3052 1590 3114 in
1616 3052 1972 3138 Hispania;
2006 3055 2233 3120 deinde

437 3159 504 3220 in
564 3156 806 3240 Anglia
863 3161 930 3217 et
994 3156 1061 3217 in
1123 3154 1430 3217 Guallia?
1516 3177 1662 3217 nam
1729 3156 1929 3240 Angli
1996 3160 2228 3243 partim

441 3261 739 3338 Gallicos,
792 3260 1028 3344 partim
1076 3258 1487 3322 Germanicos
1540 3281 1741 3320 mores
1792 3260 2110 3339 obtinent,
2158 3270 2234 3326 ut

334 3394 397 3445 30
440 3384 519 3425 ex
562 3362 660 3424 his
702 3360 949 3424 duabus
991 3360 1292 3445 gentibus
1338 3359 1541 3424 mixti.
