2705 3881
1033 226 1191 301 The
1240 225 1590 325 wedding
2106 242 2199 308 25

411 411 578 475 enim
607 417 787 487 esset,
818 433 897 473 ne
935 416 1003 473 te
1032 416 1288 473 vertant
1328 409 1393 471 in
1434 431 1659 493 aprum
1701 409 2046 474 silvestrem
2086 421 2203 476 aut

412 537 670 601 porcum
730 520 846 576 aut
903 535 1140 577 ranam.
1232 512 1490 575 efficiam
1554 520 1769 575 tamen
1828 521 1904 576 ut
1961 513 2200 594 audias,

413 618 602 682 modo
658 641 738 682 ne
797 617 1141 705 obstrepas.
1234 619 1360 681 iam
1420 616 1545 680 huc
1601 616 1951 681 deflectunt
2002 619 2200 693 viam;

411 744 824 786 occurramus
916 721 1172 800 salvete,
1217 719 1388 783 deae.

539 827 673 888 Mn.
723 832 788 888 et
819 831 893 887 tu
924 824 1108 888 salve.
2226 854 2255 908 5

536 929 659 990 AL.
721 924 878 1011 quid
908 923 1205 987 vellicas?

538 1030 654 1092 BA.
719 1051 847 1091 non
877 1034 1159 1114 praestas
1189 1026 1367 1111 quod
1393 1028 1784 1113 promiseras,

536 1137 658 1198 AL.
720 1133 947 1197 audis?

537 1239 656 1301 BA.
718 1235 931 1316 audio,
961 1235 1070 1300 sed
1100 1237 1277 1301 velut
1303 1237 1514 1300 asinus
1542 1237 1761 1323 lyram.

536 1342 658 1404 AL.
718 1361 997 1425 quonam
1027 1345 1124 1402 est
1150 1339 1276 1402 iter
1303 1346 1440 1402 tam
1470 1338 1659 1403 cultis
1686 1346 1948 1425 tamque
1975 1341 2196 1405 alacri·
2225 1369 2286 1405 10

407 1441 570 1505 bus?
658 1464 811 1505 num
842 1440 1114 1503 invisitis
1145 1439 1631 1503 Lovaniensium
1664 1441 2125 1506 Academiam?

534 1545 668 1608 Mn.
717 1543 888 1607 bona
915 1541 1122 1606 verba.

533 1648 656 1709 AL.
717 1667 906 1731 quam
940 1644 1026 1707 ob
1055 1647 1235 1706 rem?

533 1751 668 1812 Mn.
718 1747 859 1834 quis
898 1769 1068 1810 nunc
1105 1745 1237 1809 illic
1277 1747 1460 1810 nobis
1498 1746 1694 1824 locuS,
1722 1747 1834 1811 ubi
1875 1756 1980 1813 tot
2018 1754 2194 1837 porci

403 1851 803 1934 grunniunt?
2226 1884 2281 1935 15

533 1957 655 2019 AL.
717 1955 901 2040 atqui
931 1960 1082 2018 sunt
1110 1960 1178 2017 et
1206 1953 1340 2017 illic
1379 1953 1611 2039 quibus
1641 1962 1919 2018 vestrum
1960 1978 2192 2020 numen

403 2064 500 2122 est
527 2056 970 2122 venerandum.

530 2162 668 2224 Mn.
717 2161 982 2235 scimus;
1047 2182 1248 2246 eoque
1297 2168 1448 2247 post
1495 2183 1694 2225 annos
1743 2161 1993 2247 aliquot
2042 2162 2194 2227 illuc

404 2262 832 2347 migrabimuS.
924 2261 1206 2325 nondum
1248 2262 1541 2327 revoluta
1580 2262 1970 2327 saeculorum
2010 2265 2194 2330 series

401 2364 568 2429 diem
614 2363 794 2427 illum
840 2364 1103 2427 fatalem
1147 2363 1460 2429 advexit..
1514 2366 1639 2429 erit
1683 2367 1850 2429 enim
1899 2367 2010 2452 qui
2063 2368 2195 2432 illic
2220 2394 2285 2430 20

403 2470 584 2534 nobis
627 2491 959 2533 amoenum
1007 2475 1292 2531 exstruet
1336 2468 1668 2554 templum,
1713 2492 1842 2553 quo
1887 2472 1994 2534 vix
2036 2472 2190 2536 alibi

405 2572 907 2658 magnificentius
958 2593 1032 2634 ao
1083 2571 1380 2633 sanetiuS.
1468 2576 1609 2634 tum
1667 2570 1941 2635 libenter
1991 2596 2190 2637 versa-

404 2674 614 2739 bimur
657 2674 943 2739 Lovanii.

532 2781 650 2841 AL.
715 2799 842 2862 quo
872 2799 1039 2840 nunc
1068 2777 1270 2862 igitur
1297 2783 1394 2839 est
1421 2776 1591 2839 iter?

531 2882 669 2944 Mn.
716 2880 1158 2965 Antverpiam.
2219 2905 2280 2958 25

533 2983 654 3044 AL.
715 2982 940 3043 Musae
968 2987 1035 3044 et
1064 2980 1329 3043 Gratiae
1359 2978 1443 3042 ad
1474 2984 1864 3044 mercatum?

531 3084 668 3147 Mn.
717 3105 1153 3168 nequaquam3
1199 3083 1394 3145 immo
1422 3082 1507 3145 ad
1535 3084 1809 3168 nuptias.

531 3188 653 3250 Al..
716 3186 873 3272 quid
904 3186 1254 3270 virginibus
1283 3208 1426 3247 cum
1457 3186 1748 3270 nuptiis?

533 3288 668 3349 Mn.
717 3284 799 3347 ad
852 3285 1010 3350 tales
1053 3284 1311 3371 nuptias
1357 3307 1484 3347 non
1536 3291 1632 3348 est
1683 3284 2046 3349 indecorum
2099 3289 2188 3351 ire

407 3388 694 3470 virgines,
2213 3413 2276 3463 30
