2705 3881
961 189 1036 258 A
1101 197 1423 284 country
1472 197 1757 264 retreat
2161 200 2197 264 1
2211 201 2255 266 3

593 380 709 442 Eu.
760 401 900 441 mea
929 376 1245 439 sententia
1272 398 1403 438 non
1432 382 1528 438 est
1558 382 1739 439 muta
1767 398 1974 440 rerum
2004 383 2258 454 natura,

463 480 568 544 sed
613 480 896 564 undique
939 478 1177 563 loquax
1223 485 1341 554 est,
1379 477 1709 562 multaque
1748 478 1935 543 docet
1976 487 2255 542 contem-

463 581 770 668 plantem,
823 581 872 643 si
925 587 1116 643 nacta
1168 580 1363 642 fuerit
1422 580 1741 643 hominem
1800 589 2125 645 attentum
2182 606 2258 647 ac

463 681 749 747 docilem.
841 681 997 767 quid
1026 681 1204 745 aliud
1234 682 1528 745 clamitat
1556 682 1669 745 illa
1697 706 1963 748 amoena
1991 692 2257 750 naturae

467 787 782 849 vernantis
812 786 999 848 facies
1029 808 1221 871 quam
1254 786 1497 870 opificis
1521 786 1642 848 Dei
1668 787 2044 873 sapientiam
2075 788 2257 852 boni·
2284 817 2312 870 5

464 889 588 953 tati
647 893 910 974 parem?
997 887 1105 951 sed
1165 890 1451 951 Socrates
1510 888 1577 951 in
1636 911 1711 951 eo
1768 911 2006 952 secessu
2062 912 2254 975 quam

465 992 670 1055 multa
718 993 906 1056 docet
958 991 1315 1056 Phaedrum
1370 1015 1553 1055 suum
1603 1015 1676 1054 ac
1730 992 1997 1056 vicissim
2047 992 2133 1057 ab
2181 1017 2257 1056 eo

463 1094 690 1160 discit!

591 1200 696 1262 T1.
757 1199 809 1261 si
848 1198 1008 1260 tales
1047 1197 1337 1260 adessent
1378 1196 1651 1281 aliquot,
1677 1196 1840 1260 nihil
1879 1220 2007 1261 esse
2046 1206 2259 1285 posset

463 1302 784 1364 amoenius
827 1301 1258 1365 rusticatione.
2290 1329 2348 1365 10

590 1407 712 1469 Eu.
757 1404 918 1468 libet
976 1405 1180 1488 igitur
1228 1405 1417 1467 huius
1467 1404 1558 1468 rei
1611 1402 1959 1489 periculum
2010 1406 2259 1470 facere?

463 1517 561 1574 est
599 1508 755 1571 mihi
796 1508 1128 1595 praedium
1171 1506 1628 1585 suburbanum,
1662 1530 1791 1570 non
1827 1508 2112 1594 amplum
2151 1509 2261 1574 sed

463 1613 668 1676 nitide
696 1613 959 1676 cultum.
1042 1633 1117 1674 eo
1149 1633 1258 1675 vos
1287 1612 1356 1674 in
1385 1611 1729 1673 crastinum
1760 1609 1928 1673 diem
1957 1609 2041 1674 ad
2069 1634 2258 1698 pran-

462 1714 640 1778 dium
672 1738 844 1779 voce.
935 1713 1109 1777 mille
1138 1720 1395 1777 tantum
1426 1734 1724 1798 passuum
1752 1711 1951 1777 abest.

592 1820 695 1883 T1.
758 1818 969 1904 plures
1008 1840 1250 1892 sumus;
1295 1823 1509 1879 totum
1550 1814 1880 1901 praedium
1922 1824 2107 1880 tuum
2152 1819 2255 1883 de·
2291 1844 2351 1896 15

466 1944 839 1987 voraremus,

594 2026 711 2088 Eu,
759 2025 954 2087 immo
1026 2030 1243 2087 totum
1317 2023 1677 2086 convivium
1752 2031 2113 2108 apponetur
2179 2049 2258 2089 ex

461 2126 755 2212 dapibus,
785 2134 862 2189 ut
900 2126 1113 2211 inquit
1145 2126 1483 2201 Horatiu5‚
1513 2125 1813 2209 inemptis
1853 2135 2254 2213 apparatum.

464 2229 681 2292 vinum
739 2229 873 2315 ipse
929 2227 1102 2291 locus
1160 2227 1574 2315 suppeditat;
1637 2227 1807 2306 ficOS‚
1857 2229 2019 2313 pira,
2070 2230 2260 2309 mala,

464 2352 649 2393 nuces
693 2331 865 2416 ipsae
908 2328 1160 2392 arbores
1203 2329 1566 2415 porrigunt,
1604 2329 2138 2414 quemadmodum
2182 2333 2259 2395 fit
2286 2364 2352 2400 20

464 2431 530 2493 in
578 2432 797 2495 insulis
837 2432 1226 2494 Fortunatis,
1318 2430 1574 2493 accedet
1617 2432 1880 2494 fortasse
1923 2454 1958 2494 e
1996 2434 2258 2499 cohorte

461 2534 719 2619 gallina.

363 2641 366 2643 ’
589 2637 694 2700 ΤῙ.
756 2658 894 2720 age,
923 2658 1053 2698 non
1084 2658 1457 2700 recusamus.

591 2738 710 2801 En.
757 2744 832 2801 at
859 2759 1035 2800 suam
1068 2738 1335 2823 quisque
1376 2738 1666 2801 umbram
1707 2761 1914 2803 secum
1953 2741 2249 2809 adducat.

430 2825 431 2828 Ἴ
462 2840 557 2904 ita
623 2862 765 2903 cum
839 2839 979 2902 sitis
1050 2846 1382 2925 quattuor,
1444 2840 1855 2924 aequabimus
1921 2864 2250 2914 numerum
2281 2872 2343 2924 25

462 2942 811 3005 Musarum.

589 3045 692 3106 T1.
743 3042 884 3106 fiet.

589 3146 708 3209 Eu,
755 3164 952 3206 unum
984 3141 1146 3206 illud
1167 3164 1277 3206 vos
1306 3144 1584 3207 monitos
1611 3144 1794 3209 volo:
1835 3146 1956 3210 sibi
1985 3148 2252 3235 quisque

459 3246 933 3310 condimentum
986 3266 1169 3308 suum
1219 3243 1485 3309 adferat.
1575 3268 1695 3332 ego
1738 3246 1949 3311 cibum
1993 3256 2250 3314 tantum

459 3368 797 3433 apponam.
2277 3377 2343 3430 30
