2705 3881
1059 231 1216 307 lee
1265 231 1616 332 wedding
2134 243 2224 310 23

570 420 685 482 ΒΕ.
739 441 971 503 quaeso
1011 425 1077 480 'ce
1116 423 1193 480 ut
1230 439 1460 481 narres,
1535 440 1682 480 nam
1715 419 1870 482 mihi
1901 439 2224 503 nunquam

440 520 715 605 contigit
744 542 846 582 eas
875 518 1067 582 adire.

569 624 692 685 GU.
740 622 805 684 in
855 644 1141 706 praesens
1191 645 1320 684 non
1373 630 1470 686 est
1516 623 1740 685 otium.
1831 645 1978 686 nam
2029 628 2227 685 nauta

440 725 623 788 iussit
667 747 767 788 me
809 724 1020 787 adesse
1063 724 1222 788 hora
1260 727 1476 807 tertia,
1510 725 1631 790 nisi
1670 724 1891 788 vellem
1933 724 2225 811 relinqui,

440 835 508 891 et
535 826 733 890 habet
762 827 1082 893 sarcinam.
2252 855 2281 910 5

1155 1207 1159 1211 ’
1220 1202 1438 1280 VIII.

1068 1402 1215 1462 'l'he
1255 1402 1597 1477 wedding.

751 1584 1082 1640 ALYPIUS.
1160 1582 1548 1636 BALBINUS.
1629 1581 1897 1638 MUSAE.

566 1752 687 1812 AL.
749 1772 789 1812 o
846 1748 996 1811 deos
1064 1743 1454 1810 immortales
1479 1750 1523 1835 ἱ,
1564 1744 1739 1830 quod
1805 1766 1925 1829 ego
1992 1766 2227 1807 novum

438 1851 861 1939 spectaculum
906 1852 1012 1914 hic
1055 1849 1285 1912 video?

565 1957 684 2020 BA.
742 1961 860 2018 aut
902 1961 979 2018 tu
1019 1952 1191 2016 vides
1234 1950 1411 2038 quod
1457 1972 1765 2035 nusquam
1813 1956 1911 2013 est
1948 1955 2066 2012 aut
2104 1947 2227 2011 mei

437 2080 661 2145 parum
706 2057 1103 2143 prospiciunt
1145 2054 1330 2118 ocuh.

565 2162 685 2224 AL.
746 2159 929 2245 atqui
959 2159 1188 2221 mirum
1218 2155 1650 2242 spectaculum
1680 2161 1778 2218 est
1806 2161 1875 2218 et
1904 2153 2195 2218 amabile.
2258 2183 2319 2220 ιο

566 2265 684 2327 BA.
745 2262 868 2339 dic,
900 2262 1012 2325 ubi
1040 2260 1260 2324 vides?

565 2367 684 2428 As..
747 2362 830 2426 ad
857 2362 1100 2426 laevam
1129 2363 1197 2424 in
1226 2361 1346 2424 hoc
1376 2360 1537 2424 colle
1565 2382 1914 2426 nemoroso,

565 2470 684 2533 BA.
746 2466 968 2531 collem
1000 2465 1200 2529 video,

565 2575 687 2637 AL.
748 2594 876 2634 non
907 2569 1078 2632 vides
1107 2567 1461 2654 puellarum
1494 2570 1757 2632 chorum
1782 2572 1809 2632 ?

566 2677 685 2738 BA.
746 2671 902 2759 quid
946 2671 1068 2734 tibi
1110 2670 1284 2732 venit
1329 2670 1397 2731 in
1445 2677 1742 2748 mentem,
1785 2677 1863 2734 ut
1907 2668 1988 2732 ad
2034 2669 2229 2733 istum
2261 2690 2318 2743 ις

437 2776 695 2841 modum
754 2773 935 2837 ludos
992 2773 1229 2834 facias?
1317 2793 1436 2854 ego
1495 2793 1573 2834 ne
1635 2794 1910 2834 muscam
1970 2770 2227 2856 quidem

436 2901 702 2966 usquam
747 2874 1082 2961 conspicio,

565 2985 685 3045 At..
747 2986 925 3052 tace;
998 2975 1335 3064 prodeunt.
1382 2998 1417 3039 e
1485 2999 1755 3040 nemore.
1854 2977 1967 3062 qui
2035 2977 2229 3056 nitor,

435 3109 598 3172 quae
632 3083 881 3171 gratia!
924 3104 1052 3144 non
1093 3081 1443 3144 humanum
1485 3087 1581 3143 est
1621 3081 1741 3142 hoc
1780 3079 2227 3164 spectaculum.

564 3191 682 3252 BA.
746 3209 909 3274 quae
936 3186 1106 3249 hunc
1134 3184 1441 3268 agitant?
2256 3217 2322 3253 20

565 3296 687 3356 A1..
748 3313 1060 3374 agnosco;
1112 3310 1336 3351 novem
1379 3293 1529 3350 sunt
1571 3288 1795 3348 Musae
1835 3309 1974 3349 cum
2024 3285 2231 3351 tribus

437 3395 701 3460 Gratiis.
792 3393 989 3455 miror
1030 3389 1452 3479 quid‘agant.
1541 3410 1870 3477 nunquam
1917 3388 2048 3452 vidi
2100 3388 2230 3453 cul-
