2705 3881
630 239 787 313 The
834 238 1109 314 soldier
1158 239 1319 314 and
1367 240 1486 314 me
1544 241 1996 316 carmulam
2116 220 2222 320 33*

546 427 658 488 CA.
709 433 779 488 at
809 448 976 489 nunc
1005 415 1133 488 non
1167 425 1385 489 videor
1414 427 1537 490 tibi
1571 428 1819 492 vivere?

546 529 663 592 M1.
712 552 863 606 non,
892 551 1006 614 per
1035 531 1269 595 Iovem.

543 633 658 696 CA.
707 633 810 697 dic
837 655 1029 718 quam
1062 632 1147 696 ob
1176 638 1355 697 rem?

543 736 662 798 M1.
710 736 863 820 quia
892 758 1019 798 non
1050 735 1200 798 licet
1229 735 1555 799 ambulare
1584 761 1715 822 quo
1744 741 1853 803 vis,
1914 740 2036 804 hoc
2065 740 2204 806 loco

412 835 588 898 velut
654 858 843 900 cavea
910 836 1264 901 includeris,
1363 838 1527 902 adde
1595 863 1898 920 rasuram,
1968 852 2204 908 vestem
2232 870 2264 923 5

411 937 861 1023 prodigiosam,
949 940 1380 1019 solitudinem,
1466 943 1733 1028 piscium
1825 953 2204 1031 perpetuum

411 1063 604 1120 esum,
649 1050 726 1106 ut
769 1043 957 1106 mirer
999 1051 1064 1107 te
1108 1044 1315 1129 ipsum
1363 1066 1492 1107 non
1538 1045 1699 1108 verti
1744 1046 1810 1107 in
1858 1048 2106 1132 piscem.

541 1147 657 1209 CA.
704 1147 754 1209 si
809 1153 1203 1209 verterentur
1253 1147 1540 1240 homines
1591 1148 1658 1210 in
1711 1151 1927 1213 omnia
1971 1151 2203 1235 quibus

411 1256 764 1326 vescuntur,
794 1257 871 1312 tu
912 1249 1287 1335 iampridem
1327 1273 1555 1336 porcus
1591 1274 1787 1327 esses;
1832 1275 1978 1316 nam
2016 1254 2202 1319 suilla

409 1351 566 1414 soles
608 1352 925 1416 delectari.
2230 1390 2290 1427 10

536 1457 655 1519 M1.
703 1480 832 1521 non
876 1456 1108 1521 dubito
1144 1458 1300 1544 quin
1340 1460 1714 1524 iamdudum
1761 1463 2090 1547 paeniteat
2132 1472 2200 1529 te

408 1559 709 1626 instituti.
2216 1555 2234 1572 ’

534 1666 650 1729 CA.
697 1667 817 1730 hoc
870 1667 995 1731 illis
1047 1692 1162 1732 usu
1215 1671 1414 1747 venit,
1464 1672 1577 1756 qui
1631 1694 1693 1733 se
1745 1671 1812 1736 in
1864 1674 1983 1736 hoc
2028 1675 2199 1740 vitae

403 1789 600 1850 genus
631 1769 807 1833 velut
836 1771 902 1833 in
932 1780 1196 1857 puteum
1228 1774 1675 1858 praecipitant.
1758 1798 1877 1859 ego
1906 1776 2196 1842 descendi

405 1872 630 1935 sensim
675 1880 741 1935 et
784 1875 1098 1952 consult0,
1131 1876 1306 1962 prius
1349 1876 1684 1962 explorato
1731 1901 1829 1942 me
1873 1880 2012 1965 ipso
2055 1904 2196 1968 per·
2227 1907 2282 1961 15

403 1982 744 2059 spectaque
803 1983 947 2038 tota
1005 1978 1193 2040 huius
1251 1979 1423 2041 vitae
1481 1981 1751 2059 ratione,
1811 1982 1938 2045 iam
1997 2006 2195 2049 annos

404 2084 593 2139 natus
628 2078 861 2160 viginti
890 2086 1073 2154 octo;
1118 2104 1247 2165 qua
1284 2089 1496 2145 aetate
1535 2084 1660 2148 sibi*
1696 2087 1964 2171 quisque
2004 2097 2195 2153 notus

403 2199 531 2239 esse
572 2184 805 2261 potest.
895 2180 1070 2263 quod
1113 2181 1196 2244 ad
1247 2181 1454 2245 locum
1507 2187 1766 2265 attinet,
1811 2196 1888 2252 tu
1939 2213 2193 2277 quoque

401 2274 541 2340 loco
568 2287 843 2362 angusto
874 2279 1229 2361 includeriS,
1260 2284 1310 2346 si
1355 2287 1557 2349 totius
1586 2290 1807 2354 mundi
1839 2293 2191 2357 consideras

399 2381 907 2466 amplitudinem.
984 2408 1098 2449 nec
1120 2387 1312 2450 refert
1334 2411 1528 2473 quam
1551 2394 1865 2476 spatiosus
1889 2397 1975 2460 sit
1995 2396 2189 2478 locuS,
2213 2428 2279 2464 20

399 2484 590 2548 modo
628 2486 789 2549 nihil
829 2487 995 2552 desit
1034 2487 1119 2552 ad
1158 2491 1329 2554 vitae
1368 2494 1906 2563 commoditatem.
1999 2501 2186 2566 multi

393 2608 536 2648 raro
593 2596 711 2652 aut
768 2612 1094 2675 nunquam
1152 2601 1388 2657 exeunt
1438 2596 1699 2660 civitate
1749 2600 1817 2662 in
1868 2625 1998 2687 qua
2046 2608 2185 2668 nati

394 2696 559 2753 sunt.
651 2692 762 2776 qui
822 2692 875 2755 si
936 2702 1303 2760 vetarentur
1360 2700 1550 2779 exire,
1611 2725 1992 2790 magnopere
2061 2708 2182 2772 sibi

392 2788 817 2876 displicerent,
859 2802 927 2859 et
970 2797 1300 2863 incesseret
1352 2801 1477 2865 illis
1529 2805 1689 2868 mira
1739 2805 1942 2872 libido
1995 2809 2181 2873 relin-

392 2894 677 2977 quendae
719 2897 1016 2964 civitatis,
1106 2902 1212 2965 hic
1254 2904 1517 2968 affectus
1566 2906 1841 2993 vulgaris
1885 2918 2001 2990 est,
2049 2935 2179 2998 quo
2207 2941 2265 2994 25

390 3017 507 3079 ego
565 3019 761 3063 careo.
850 3009 1013 3086 puto
1069 3005 1175 3068 hic
1232 3013 1446 3071 totum
1505 3032 1632 3073 esse
1691 3013 2038 3091 mundum;
2111 3024 2179 3081 et

389 3092 542 3159 haec
582 3098 806 3163 tabula
844 3102 999 3166 mihi
1049 3112 1264 3170 totum
1310 3115 1620 3174 terrarum
1666 3112 1883 3178 orbem
1927 3138 2175 3201 reprae-

388 3204 615 3277 sentat,
661 3224 846 3286 quem
891 3226 1011 3286 ego
1054 3207 1446 3290 cogitatione
1489 3210 1821 3277 iucundius
1871 3216 2060 3280 simul
2097 3225 2174 3301 ,et

389 3299 590 3362 tutius
629 3302 997 3385 perambulo
1036 3328 1229 3392 quam
1260 3309 1312 3371 is
1341 3310 1452 3396 qui
1491 3313 1815 3397 navigavit
1851 3316 1936 3380 ad
1974 3341 2170 3385 novas

384 3394 632 3462 insulas.
2192 3451 2257 3503 30

545 3540 595 3579 E.
622 3541 672 3580 F..
1968 3550 2003 3607 3
