2705 3881
669 191 829 268 The
875 190 1133 266 Abbot
1184 191 1345 265 and
1391 191 1513 266 the
1561 189 1876 266 learned
1923 188 2103 287 lady
2189 201 2281 267 43

489 378 792 456 videmuS,
824 376 1057 463 quibus
1087 376 1428 440 immodica
1458 377 1713 464 potatio
1742 383 1810 440 et
1838 375 2287 462 intempestiva

489 481 780 546 convivia
808 487 1195 567 pepererunt
1224 481 1536 544 insaniam
1564 485 1579 545 ἱ

616 584 745 646 ΑΝ.
806 606 926 668 ego
955 606 1102 646 sane
1131 583 1363 646 nollem
1398 606 1658 647 uxorem
1689 582 1964 648 doctam.

616 689 757 753 MA.
803 695 875 750 at
946 710 1065 773 ego
1140 687 1296 750 mihi
1370 681 1681 772 gratulor,
1756 688 1858 751 cui
1940 686 2285 772 contigerit

488 792 754 856 maritus
811 792 909 855 tui
968 791 1307 855 dissimilis,
1421 815 1569 855 nam
1633 800 1701 856 et
1759 792 1939 857 illum
2001 793 2158 857 mihi
2218 799 2285 857 et
2311 818 2338 869 5

489 918 589 958 me
629 894 724 958 illi
769 895 1071 958 cariorem
1116 894 1328 959 reddit
1372 895 1668 960 eruditio,

615 1001 743 1063 AN.
806 999 1124 1061 immensis
1164 997 1490 1062 laboribus
1535 1006 1943 1085 comparatur
1985 999 2283 1078 eruditi0‚

487 1127 560 1167 ac
602 1110 752 1189 post
795 1101 1192 1166 moriendum
1237 1110 1352 1167 est.

618 1208 755 1271 MA.
804 1206 908 1270 dic
937 1207 1116 1285 mihi,
1147 1207 1246 1269 vir
1279 1207 1550 1292 egregie,
1581 1207 1633 1270 si
1674 1230 1808 1271 cras
1848 1205 1973 1271 tibi
2014 1206 2283 1270 morien-

487 1308 638 1373 dum
698 1318 880 1388 esset,
941 1317 1159 1374 utrum
1220 1309 1438 1374 malles
1498 1310 1657 1373 mori
1718 1309 1981 1375 stultior
2036 1333 2119 1374 an
2188 1333 2283 1374 sa-
2315 1339 2375 1375 10

486 1413 810 1499 pientior?

617 1521 745 1582 AN.
808 1518 858 1581 si
889 1518 1021 1582 sine
1050 1516 1267 1583 labore
1296 1519 1697 1603 contingeret
1727 1518 2057 1604 sapientia.

620 1625 759 1688 MA.
807 1622 915 1686 sed
943 1622 1107 1686 nihil
1135 1622 1382 1686 homini
1424 1622 1556 1685 sine
1596 1620 1815 1686 labore
1855 1621 2177 1707 contingit
2216 1622 2283 1685 in

485 1727 606 1791 hac
645 1728 817 1802 vita3
863 1734 930 1790 et
969 1735 1184 1790 tamen
1221 1726 1539 1812 quidquid
1575 1728 1929 1812 quantisvis
1959 1725 2284 1792 laboribus

487 1836 924 1914 comparatum
956 1836 1073 1904 est,
1101 1828 1208 1892 hic
1234 1827 1718 1912 relinquendum
1750 1836 1864 1893 est.
1926 1853 2037 1892 cur
2065 1830 2285 1916 pigeat
2314 1850 2370 1902 15

486 1956 601 1997 nos
658 1933 727 1997 in
777 1955 846 1997 re
896 1933 1180 1996 omnium
1239 1931 1693 2018 pretiosissima
1750 1955 1991 1995 sumere
2050 1931 2283 1996 laboris

485 2037 750 2123 aliquid,
782 2037 957 2101 cuius
986 2037 1230 2099 fructus
1259 2058 1375 2099 nos
1405 2036 1471 2098 in
1501 2034 1768 2099 alteram
1799 2058 2053 2122 quoque
2086 2037 2281 2099 vitam

487 2142 876 2205 comitatur?

593 2247 744 2310 ·AN.
806 2245 1023 2310 audivi
1052 2245 1247 2330 vulgo
1285 2244 1412 2308 dici
1453 2245 1755 2308 feminam
1796 2245 2143 2331 sapientem
2184 2245 2284 2310 bis

487 2348 752 2413 stultam
797 2373 944 2413 esse.
2308 2380 2370 2417 20

616 2455 755 2517 MA.
802 2454 925 2516 hoc
993 2452 1249 2540 quidem
1321 2453 1448 2517 dici
1520 2453 1701 2532 solet,
1771 2452 1881 2517 sed
1943 2476 1983 2517 a
2046 2453 2278 2518 stultis.

487 2557 723 2620 femina
764 2580 928 2644 quae
975 2580 1115 2620 vere
1166 2558 1337 2643 sapit
1383 2579 1513 2620 non
1559 2556 1812 2620 videtur
1862 2556 1983 2620 sibi
2027 2580 2283 2643 sapere;

487 2665 710 2722 contra
753 2682 937 2745 quae,
966 2681 1109 2722 cum
1155 2658 1317 2721 nihil
1362 2660 1554 2746 sapit,
1591 2657 1712 2721 sibi
1751 2658 2004 2722 videtur
2045 2682 2282 2746 sapere,

486 2785 563 2825 ea
603 2762 856 2826 demum
901 2761 999 2827 bis
1041 2762 1245 2826 stulta
1287 2769 1401 2827 est.

615 2870 744 2931 AN.
805 2868 1013 2931 nescio
1070 2866 1395 2952 quomodo
1454 2868 1530 2931 fit
1589 2873 1686 2944 ut,
1745 2866 2280 2953 quemadmodum
2307 2890 2367 2943 25

487 2968 757 3033 clitellae
815 2991 944 3033 non
1002 2970 1389 3033 conveniunt
1447 2969 1620 3046 bovi,
1676 2969 1773 3032 ita
1830 2992 1960 3033 non
2028 2968 2282 3033 litterae

488 3072 754 3139 mulieri.

615 3178 752 3239 MA.
804 3176 954 3239 olim
988 3200 1129 3240 rara
1163 3179 1296 3241 avis
1336 3184 1476 3241 erat
1505 3174 1729 3240 Abbas
1769 3176 2083 3256 indoctus,
2113 3201 2280 3243 nunc

486 3279 648 3342 nihil
701 3278 1058 3364 vulgatius;
1119 3279 1270 3343 olim
1324 3280 1642 3367 principes
1694 3287 1761 3343 et
1806 3281 2096 3344 Caesares
2140 3306 2279 3346 eru-

485 3381 730 3445 ditione
801 3403 932 3446 non
1005 3381 1212 3447 minus
1238 3443 1261 3452 κ
1286 3407 1479 3471 quam
1554 3384 1820 3471 imperio
1892 3386 2275 3452 eminebant.
2306 3410 2368 3460 30
