2705 3881
489 203 582 268 26
1116 189 1276 264 The
1323 185 1662 287 wedding

616 378 736 440 Ar..
797 398 952 461 quas
981 374 1183 459 igitur
1208 374 1469 459 nuptias
1497 377 1757 437 narras?

616 482 754 543 Mn.
798 485 1065 557 sanctas,
1095 475 1178 539 ad
1206 499 1364 562 quas
1405 499 1532 540 non
1567 476 1836 563 puderet
1864 478 2064 562 ipsam
2097 478 2271 542 adire

486 580 832 658 Palladem,
861 587 928 643 et
957 579 1234 643 arbitror
1261 569 1672 644 adfuturam(

614 686 736 747 AL.
796 706 926 746 non
955 690 1051 747 est
1079 684 1174 745 fas
1203 685 1358 747 scire
1388 684 1598 771 sponsi
1632 707 1860 748 nomen
1885 692 1951 748 et
1973 689 2272 770 sponsae?

429 814 457 865 5
614 786 751 848 Mn.
797 784 1074 849 arbitror
1102 786 1223 849 tibi
1254 809 1384 848 non
1414 786 1709 870 ignotum
1738 810 1867 850 esse
1904 787 2270 851 candidissi-

487 908 659 948 mum
689 887 870 951 illum
910 888 1218 965 iuvenem,
1248 895 1315 951 et
1356 887 1650 951 omnibus
1690 888 1931 951 deliciis
1970 888 2270 975 politissi-

488 1007 680 1066 mum,
711 989 971 1052 Petrum
1001 988 1366 1074 Aegidium.

615 1094 732 1153 AL.
793 1113 1107 1175 gemmam
1137 1092 1506 1167 nominasti,
1534 1115 1662 1155 non
1692 1092 2031 1156 hominem.

612 1192 748 1255 Mn.
796 1193 853 1256 ei
904 1192 1105 1256 nubet
1152 1193 1469 1270 Cornelia,
1512 1195 1693 1278 virgo
1737 1194 1837 1257 vel
1888 1195 2027 1279 ipso
2076 1194 2273 1279 digna

400 1326 460 1362 10
483 1294 808 1380 Apolline.

615 1398 734 1459 AL.
795 1395 903 1460 ille
931 1396 1187 1483 quidem
1219 1399 1409 1462 vestri
1440 1399 1649 1463 cultor
1677 1401 1944 1463 eximius
1973 1423 2014 1464 a
2039 1401 2273 1464 teneris

483 1499 665 1560 annis
692 1498 837 1563 fuit.

612 1603 747 1665 Mn.
794 1603 943 1666 huic
972 1604 1172 1687 igitur
1200 1627 1494 1667 canemus
1523 1604 2025 1691 epithalamium.

611 1706 732 1767 AL.
795 1711 861 1767 et
890 1704 1222 1768 saltabunt
1252 1707 1565 1769 Gratiae?

397 1836 454 1889 15
612 1807 747 1868 Mn.
794 1829 923 1867 non
982 1804 1173 1869 modo
1225 1806 1575 1883 saltabunt,
1629 1830 1847 1870 verum
1896 1809 2093 1872 etiam
2144 1807 2273 1872 duo

480 1908 924 1974 candidissima
964 1916 1224 1996 pectora
1267 1910 1744 1975 benevolentiae
1790 1910 1973 1976 nodis
2017 1911 2271 1997 copula-

479 2013 665 2092 bunt,
703 2020 779 2076 ut
826 2013 988 2075 nihil
1031 2035 1313 2099 unquam
1359 2014 1528 2076 inter
1572 2013 1713 2076 illos
1756 2015 1957 2100 possit
2000 2014 2273 2077 incidere

479 2116 576 2179 vel
637 2117 767 2180 irae
829 2114 926 2179 vel
986 2115 1203 2179 taedii.
1295 2115 1409 2178 illa
1466 2125 1777 2202 perpetuo
1834 2117 1997 2180 nihil
2053 2117 2274 2181 audiet

478 2220 599 2282 nisi
631 2224 809 2281 ‘mea
847 2217 1025 2291 lux';
1069 2217 1176 2281 ille
1204 2218 1476 2281 vicissim
1515 2218 1678 2282 nihil
1717 2219 1837 2281 nisi
1871 2219 2107 2282 ‘anime
2146 2219 2274 2284 mi.'

391 2356 455 2392 20
478 2329 674 2405 atque
717 2321 867 2384 huic
906 2318 1292 2390 iucunditati
1333 2342 1414 2382 ne
1456 2328 1739 2383 senectus
1784 2320 2042 2406 quidem
2087 2321 2271 2407 quid—

478 2446 671 2510 quam
715 2422 1031 2486 detrahet.

608 2528 730 2589 AL.
792 2525 1073 2603 mirarer,
1092 2525 1144 2587 si
1167 2526 1278 2610 qui
1302 2525 1391 2588 sic
1415 2525 1641 2588 vivunt
1662 2533 1920 2611 possent
1941 2549 2269 2590 senescere.

607 2630 745 2692 Mn.
793 2634 960 2690 recte
1005 2651 1256 2702 mones;
1314 2650 1460 2691 nam
1510 2629 1845 2691 maturitas
1888 2629 2012 2692 erit
2057 2630 2274 2715 potius

477 2754 671 2818 quam
719 2738 1020 2794 senectuS.

390 2870 451 2924 25
608 2835 729 2897 AL.
791 2833 974 2918 atqui
1003 2834 1151 2896 novi
1181 2833 1553 2919 permultoS‚
1576 2832 1807 2917 quibus
1836 2832 2009 2894 intra
2037 2853 2274 2894 menses

479 2946 608 3001 tres
644 2938 804 2999 istae
846 2937 1177 2999 verborum
1221 2935 1572 3000 blanditiae
1615 2934 1803 3019 longe
1847 2935 1913 2996 in
1959 2932 2273 2997 diversum

480 3062 690 3103 versae
733 3047 898 3103 sunt.
993 3040 1059 3101 in
1100 3038 1389 3101 convivio
1424 3059 1543 3123 pro
1582 3036 1810 3122 lepidis
1851 3035 2003 3099 iocis
2045 3036 2274 3099 volita-

479 3142 640 3206 bant
684 3141 963 3204 crustula
1005 3148 1072 3205 et
1116 3141 1289 3204 disci.
1380 3141 1647 3203 maritus
1691 3161 1809 3224 pro
1852 3144 1870 3175 ‘
1891 3140 2101 3201 anime
2151 3139 2275 3202 mi'

479 3243 781 3308 audiebat
812 3249 830 3280 ‘
849 3243 1122 3328 funguS‚'
1166 3265 1328 3305 uxor
1357 3248 1375 3277 ‘
1396 3244 1584 3305 acco?

391 3380 455 3429 30
610 3348 744 3411 Mn.
794 3369 941 3410 vera
981 3344 1344 3432 praedicas;
1402 3343 1512 3408 sed
1556 3345 1739 3408 istius
1783 3344 1958 3407 modi
2007 3344 2275 3430 nuptiae
