<?xml version="1.0" encoding="UTF-8"?>
<!DOCTYPE html PUBLIC "-//W3C//DTD XHTML 1.0 Transitional//EN"
    "http://www.w3.org/TR/xhtml1/DTD/xhtml1-transitional.dtd">
<html xmlns="http://www.w3.org/1999/xhtml" xml:lang="en" lang="en">
 <head>
  <title>
</title>
<meta http-equiv="Content-Type" content="text/html;charset=utf-8" />
  <meta name='ocr-system' content='tesseract 3.04.00' />
  <meta name='ocr-capabilities' content='ocr_page ocr_carea ocr_par ocr_line ocrx_word'/>
</head>
<body>
  <div class='ocr_page' id='page_1' title='image "./alteracolloquia00edwagoog_0040.png"; bbox 0 0 2705 3881; ppageno 0'>
   <div class='ocr_carea' id='block_1_1' title="bbox 418 181 1813 282">
    <p class='ocr_par' dir='ltr' id='par_1_1' title="bbox 418 181 1813 282">
     <span class='ocr_line' id='line_1_1' title="bbox 418 181 1813 282; baseline -0.001 -24"><span class='ocrx_word' id='word_1_1' title='bbox 418 193 510 258; x_wconf 91' lang='grc'>10</span> <span class='ocrx_word' id='word_1_2' title='bbox 826 182 886 254; x_wconf 98' lang='lat' dir='ltr'><em>I</em></span> <span class='ocrx_word' id='word_1_3' title='bbox 879 183 1317 279; x_wconf 67' lang='lat' dir='ltr'>mpressiom·</span> <span class='ocrx_word' id='word_1_4' title='bbox 1369 181 1468 282; x_wconf 76' lang='lat' dir='ltr'>qf</span> <span class='ocrx_word' id='word_1_5' title='bbox 1503 184 1813 258; x_wconf 76' lang='lat' dir='ltr'>France</span> 
     </span>
    </p>
   </div>
   <div class='ocr_carea' id='block_1_2' title="bbox 359 364 2300 863">
    <p class='ocr_par' dir='ltr' id='par_1_2' title="bbox 359 364 2300 863">
     <span class='ocr_line' id='line_1_2' title="bbox 412 364 2206 450; baseline 0.002 -23"><span class='ocrx_word' id='word_1_6' title='bbox 412 364 651 428; x_wconf 89' lang='lat' dir='ltr'>dicitur</span> <span class='ocrx_word' id='word_1_7' title='bbox 696 388 825 428; x_wconf 90' lang='lat' dir='ltr'>non</span> <span class='ocrx_word' id='word_1_8' title='bbox 877 364 1122 428; x_wconf 85' lang='lat' dir='ltr'>cessisse</span> <span class='ocrx_word' id='word_1_9' title='bbox 1169 365 1439 450; x_wconf 89' lang='lat' dir='ltr'>aquilae.</span> <span class='ocrx_word' id='word_1_10' title='bbox 1530 365 1597 428; x_wconf 91' lang='lat' dir='ltr'>in</span> <span class='ocrx_word' id='word_1_11' title='bbox 1642 364 1810 428; x_wconf 92' lang='lat' dir='ltr'>bello</span> <span class='ocrx_word' id='word_1_12' title='bbox 1856 388 2041 430; x_wconf 90' lang='lat' dir='ltr'>nemo</span> <span class='ocrx_word' id='word_1_13' title='bbox 2084 366 2206 431; x_wconf 85' lang='lat' dir='ltr'>sibi</span> 
     </span>
     <span class='ocr_line' id='line_1_3' title="bbox 412 466 1206 531; baseline 0.003 -2"><span class='ocrx_word' id='word_1_14' title='bbox 412 489 541 530; x_wconf 92' lang='lat' dir='ltr'>non</span> <span class='ocrx_word' id='word_1_15' title='bbox 588 466 839 529; x_wconf 90' lang='lat' dir='ltr'>videtur</span> <span class='ocrx_word' id='word_1_16' title='bbox 884 466 1206 531; x_wconf 79' lang='lat' dir='ltr'>Hercules,</span> 
     </span>
     <span class='ocr_line' id='line_1_4' title="bbox 542 571 2300 657; baseline 0.002 -24"><span class='ocrx_word' id='word_1_17' title='bbox 542 571 650 633; x_wconf 81' lang='lat' dir='ltr'>CL.</span> <span class='ocrx_word' id='word_1_18' title='bbox 704 592 829 632; x_wconf 90' lang='lat' dir='ltr'>non</span> <span class='ocrx_word' id='word_1_19' title='bbox 857 578 922 634; x_wconf 91' lang='lat' dir='ltr'>te</span> <span class='ocrx_word' id='word_1_20' title='bbox 945 571 1243 635; x_wconf 91' lang='lat' dir='ltr'>morabor</span> <span class='ocrx_word' id='word_1_21' title='bbox 1263 571 1525 635; x_wconf 76' lang='lat' dir='ltr'>diutius,</span> <span class='ocrx_word' id='word_1_22' title='bbox 1603 571 1759 635; x_wconf 86' lang='lat' dir='ltr'>alias</span> <span class='ocrx_word' id='word_1_23' title='bbox 1780 572 1977 636; x_wconf 90' lang='lat' dir='ltr'>latius</span> <span class='ocrx_word' id='word_1_24' title='bbox 2006 595 2206 657; x_wconf 87' lang='lat' dir='ltr'>nuga·</span> <span class='ocrx_word' id='word_1_25' title='bbox 2296 634 2300 637; x_wconf 84' lang='lat'>.</span> 
     </span>
     <span class='ocr_line' id='line_1_5' title="bbox 413 672 2207 759; baseline 0.001 -23"><span class='ocrx_word' id='word_1_26' title='bbox 413 672 643 749; x_wconf 89' lang='lat' dir='ltr'>bimur,</span> <span class='ocrx_word' id='word_1_27' title='bbox 685 694 826 735; x_wconf 88' lang='lat' dir='ltr'>cum</span> <span class='ocrx_word' id='word_1_28' title='bbox 876 673 1001 737; x_wconf 93' lang='lat' dir='ltr'>erit</span> <span class='ocrx_word' id='word_1_29' title='bbox 1048 675 1305 759; x_wconf 91' lang='lat' dir='ltr'>utrique</span> <span class='ocrx_word' id='word_1_30' title='bbox 1351 674 1775 739; x_wconf 88' lang='lat' dir='ltr'>commodum.</span> <span class='ocrx_word' id='word_1_31' title='bbox 1866 696 2036 738; x_wconf 87' lang='lat' dir='ltr'>nunc</span> <span class='ocrx_word' id='word_1_32' title='bbox 2079 675 2207 738; x_wconf 84' lang='lat' dir='ltr'>alio</span> 
     </span>
     <span class='ocr_line' id='line_1_6' title="bbox 359 777 1474 863; baseline 0.002 -24"><span class='ocrx_word' id='word_1_33' title='bbox 359 796 388 850; x_wconf 82' lang='lat'>5</span> <span class='ocrx_word' id='word_1_34' title='bbox 415 799 515 839; x_wconf 91' lang='lat' dir='ltr'>me</span> <span class='ocrx_word' id='word_1_35' title='bbox 561 782 792 839; x_wconf 88' lang='lat' dir='ltr'>vocant</span> <span class='ocrx_word' id='word_1_36' title='bbox 838 777 1097 861; x_wconf 87' lang='lat' dir='ltr'>negotia</span> <span class='ocrx_word' id='word_1_37' title='bbox 1142 778 1474 863; x_wconf 84' lang='lat' dir='ltr'><strong>quaedam.</strong></span> 
     </span>
    </p>
   </div>
   <div class='ocr_carea' id='block_1_3' title="bbox 1137 994 1479 1058">
    <p class='ocr_par' dir='ltr' id='par_1_3' title="bbox 1137 994 1479 1058">
     <span class='ocr_line' id='line_1_7' title="bbox 1137 994 1479 1058; baseline 0.006 -2"><span class='ocrx_word' id='word_1_38' title='bbox 1137 994 1347 1056; x_wconf 60' lang='lat' dir='ltr'>Semne</span> <span class='ocrx_word' id='word_1_39' title='bbox 1391 995 1479 1058; x_wconf 92' lang='grc' dir='ltr'>ΙΙ.</span> 
     </span>
    </p>
   </div>
   <div class='ocr_carea' id='block_1_4' title="bbox 917 1155 1702 1210">
    <p class='ocr_par' dir='ltr' id='par_1_4' title="bbox 917 1155 1702 1210">
     <span class='ocr_line' id='line_1_8' title="bbox 917 1155 1702 1210; baseline 0.001 -1"><span class='ocrx_word' id='word_1_40' title='bbox 917 1155 1308 1210; x_wconf 85' lang='lat' dir='ltr'><strong>GEORGIUS.</strong></span> <span class='ocrx_word' id='word_1_41' title='bbox 1390 1155 1702 1210; x_wconf 83' lang='lat' dir='ltr'><strong>LIVINUS.</strong></span> 
     </span>
    </p>
   </div>
   <div class='ocr_carea' id='block_1_5' title="bbox 333 1305 2216 3447">
    <p class='ocr_par' dir='ltr' id='par_1_5' title="bbox 545 1305 2209 1370">
     <span class='ocr_line' id='line_1_9' title="bbox 545 1305 2209 1370; baseline -0.001 -1"><span class='ocrx_word' id='word_1_42' title='bbox 545 1306 667 1370; x_wconf 71' lang='lat' dir='ltr'>GE.</span> <span class='ocrx_word' id='word_1_43' title='bbox 717 1305 922 1369; x_wconf 78' lang='lat' dir='ltr'>fuitne</span> <span class='ocrx_word' id='word_1_44' title='bbox 944 1305 1067 1369; x_wconf 89' lang='lat' dir='ltr'>tibi</span> <span class='ocrx_word' id='word_1_45' title='bbox 1092 1307 1212 1368; x_wconf 89' lang='lat' dir='ltr'>hoc</span> <span class='ocrx_word' id='word_1_46' title='bbox 1236 1305 1360 1368; x_wconf 91' lang='lat' dir='ltr'>iter</span> <span class='ocrx_word' id='word_1_47' title='bbox 1377 1305 1657 1369; x_wconf 87' lang='lat' dir='ltr'>faustum</span> <span class='ocrx_word' id='word_1_48' title='bbox 1681 1313 1749 1370; x_wconf 93' lang='lat' dir='ltr'>et</span> <span class='ocrx_word' id='word_1_49' title='bbox 1770 1306 2209 1370; x_wconf 90' lang='lat' dir='ltr'>commodum?</span> 
     </span>
    </p>

    <p class='ocr_par' dir='ltr' id='par_1_6' title="bbox 417 1407 2206 1577">
     <span class='ocr_line' id='line_1_10' title="bbox 545 1407 2206 1494; baseline -0.001 -21"><span class='ocrx_word' id='word_1_50' title='bbox 545 1411 647 1473; x_wconf 91' lang='lat' dir='ltr'>L1.</span> <span class='ocrx_word' id='word_1_51' title='bbox 718 1410 806 1472; x_wconf 90' lang='lat' dir='ltr'>sic</span> <span class='ocrx_word' id='word_1_52' title='bbox 848 1409 1040 1483; x_wconf 80' lang='lat' dir='ltr'>satis3</span> <span class='ocrx_word' id='word_1_53' title='bbox 1091 1408 1212 1472; x_wconf 90' lang='lat' dir='ltr'>nisi</span> <span class='ocrx_word' id='word_1_54' title='bbox 1257 1407 1433 1493; x_wconf 90' lang='lat' dir='ltr'>quod</span> <span class='ocrx_word' id='word_1_55' title='bbox 1475 1408 1636 1471; x_wconf 89' lang='lat' dir='ltr'>nihil</span> <span class='ocrx_word' id='word_1_56' title='bbox 1682 1431 1947 1494; x_wconf 85' lang='lat' dir='ltr'>usquam</span> <span class='ocrx_word' id='word_1_57' title='bbox 1991 1417 2206 1473; x_wconf 87' lang='lat' dir='ltr'>tutum</span> 
     </span>
     <span class='ocr_line' id='line_1_11' title="bbox 417 1511 1014 1577; baseline -0.003 -1"><span class='ocrx_word' id='word_1_58' title='bbox 417 1520 515 1577; x_wconf 90' lang='lat' dir='ltr'>est</span> <span class='ocrx_word' id='word_1_59' title='bbox 557 1536 597 1575; x_wconf 93' lang='lat' dir='ltr'>a</span> <span class='ocrx_word' id='word_1_60' title='bbox 640 1511 1014 1575; x_wconf 76' lang='lat' dir='ltr'>latronibus,</span> 
     </span>
    </p>

    <p class='ocr_par' dir='ltr' id='par_1_7' title="bbox 547 1613 1361 1679">
     <span class='ocr_line' id='line_1_12' title="bbox 547 1613 1361 1679; baseline 0.001 -1"><span class='ocrx_word' id='word_1_61' title='bbox 547 1615 671 1678; x_wconf 74' lang='lat' dir='ltr'>GE.</span> <span class='ocrx_word' id='word_1_62' title='bbox 721 1613 822 1675; x_wconf 88' lang='lat' dir='ltr'>hic</span> <span class='ocrx_word' id='word_1_63' title='bbox 851 1620 946 1676; x_wconf 89' lang='lat' dir='ltr'>est</span> <span class='ocrx_word' id='word_1_64' title='bbox 976 1613 1124 1676; x_wconf 92' lang='lat' dir='ltr'>belli</span> <span class='ocrx_word' id='word_1_65' title='bbox 1157 1613 1361 1679; x_wconf 76' lang='lat' dir='ltr'>ludus,</span> 
     </span>
    </p>

    <p class='ocr_par' dir='ltr' id='par_1_8' title="bbox 333 1715 1562 1796">
     <span class='ocr_line' id='line_1_13' title="bbox 333 1715 1562 1796; baseline 0.003 -20"><span class='ocrx_word' id='word_1_66' title='bbox 333 1757 394 1796; x_wconf 72' lang='lat'>10</span> <span class='ocrx_word' id='word_1_67' title='bbox 548 1716 650 1778; x_wconf 92' lang='lat' dir='ltr'>L1.</span> <span class='ocrx_word' id='word_1_68' title='bbox 722 1721 855 1790; x_wconf 86' lang='lat' dir='ltr'>est;</span> <span class='ocrx_word' id='word_1_69' title='bbox 901 1715 1008 1778; x_wconf 92' lang='lat' dir='ltr'>sed</span> <span class='ocrx_word' id='word_1_70' title='bbox 1037 1715 1562 1780; x_wconf 78' lang='lat' dir='ltr'>sceleratissimus,</span> 
     </span>
    </p>

    <p class='ocr_par' dir='ltr' id='par_1_9' title="bbox 550 1816 1571 1903">
     <span class='ocr_line' id='line_1_14' title="bbox 550 1816 1571 1903; baseline 0.001 -23"><span class='ocrx_word' id='word_1_71' title='bbox 550 1818 673 1881; x_wconf 71' lang='lat' dir='ltr'>GE.</span> <span class='ocrx_word' id='word_1_72' title='bbox 720 1816 909 1903; x_wconf 89' lang='lat' dir='ltr'>pedes</span> <span class='ocrx_word' id='word_1_73' title='bbox 937 1816 1194 1880; x_wconf 84' lang='lat' dir='ltr'>advenis</span> <span class='ocrx_word' id='word_1_74' title='bbox 1222 1840 1306 1880; x_wconf 92' lang='lat' dir='ltr'>an</span> <span class='ocrx_word' id='word_1_75' title='bbox 1336 1822 1571 1903; x_wconf 85' lang='lat' dir='ltr'>eques?</span> 
     </span>
    </p>

    <p class='ocr_par' dir='ltr' id='par_1_10' title="bbox 418 1906 2211 2111">
     <span class='ocr_line' id='line_1_15' title="bbox 548 1906 2211 2007; baseline -0.001 -21"><span class='ocrx_word' id='word_1_76' title='bbox 548 1923 649 1986; x_wconf 83' lang='lat' dir='ltr'>LI.</span> <span class='ocrx_word' id='word_1_77' title='bbox 719 1922 957 2007; x_wconf 90' lang='lat' dir='ltr'>partim</span> <span class='ocrx_word' id='word_1_78' title='bbox 1002 1919 1278 2007; x_wconf 77' lang='lat' dir='ltr'>pedestri</span> <span class='ocrx_word' id='word_1_79' title='bbox 1325 1920 1574 1998; x_wconf 85' lang='lat' dir='ltr'>itinere,</span> <span class='ocrx_word' id='word_1_80' title='bbox 1620 1906 1856 2005; x_wconf 85' lang='lat' dir='ltr'>partim</span> <span class='ocrx_word' id='word_1_81' title='bbox 1902 1920 2211 2000; x_wconf 86' lang='lat' dir='ltr'>vehicu10,</span> 
     </span>
     <span class='ocr_line' id='line_1_16' title="bbox 418 2024 1487 2111; baseline -0.003 -23"><span class='ocrx_word' id='word_1_82' title='bbox 418 2025 655 2111; x_wconf 89' lang='lat' dir='ltr'>partim</span> <span class='ocrx_word' id='word_1_83' title='bbox 700 2047 886 2109; x_wconf 87' lang='lat' dir='ltr'>equ0‚</span> <span class='ocrx_word' id='word_1_84' title='bbox 930 2024 1166 2109; x_wconf 90' lang='lat' dir='ltr'>partim</span> <span class='ocrx_word' id='word_1_85' title='bbox 1212 2024 1487 2108; x_wconf 88' lang='lat' dir='ltr'>navigio.</span> 
     </span>
    </p>

    <p class='ocr_par' dir='ltr' id='par_1_11' title="bbox 550 2126 1813 2214">
     <span class='ocr_line' id='line_1_17' title="bbox 550 2126 1813 2214; baseline -0.002 -22"><span class='ocrx_word' id='word_1_86' title='bbox 550 2130 672 2192; x_wconf 77' lang='lat' dir='ltr'>GE.</span> <span class='ocrx_word' id='word_1_87' title='bbox 720 2152 848 2214; x_wconf 91' lang='lat' dir='ltr'>quo</span> <span class='ocrx_word' id='word_1_88' title='bbox 879 2129 944 2191; x_wconf 94' lang='lat' dir='ltr'>in</span> <span class='ocrx_word' id='word_1_89' title='bbox 974 2134 1151 2191; x_wconf 89' lang='lat' dir='ltr'>statu</span> <span class='ocrx_word' id='word_1_90' title='bbox 1179 2134 1329 2189; x_wconf 87' lang='lat' dir='ltr'>sunt</span> <span class='ocrx_word' id='word_1_91' title='bbox 1359 2150 1454 2189; x_wconf 92' lang='lat' dir='ltr'>res</span> <span class='ocrx_word' id='word_1_92' title='bbox 1484 2126 1813 2191; x_wconf 85' lang='lat' dir='ltr'>Gallicae?</span> 
     </span>
    </p>

    <p class='ocr_par' dir='ltr' id='par_1_12' title="bbox 335 2229 2213 2519">
     <span class='ocr_line' id='line_1_18' title="bbox 335 2229 2213 2319; baseline -0.001 -24"><span class='ocrx_word' id='word_1_93' title='bbox 335 2269 392 2319; x_wconf 84' lang='lat'>15</span> <span class='ocrx_word' id='word_1_94' title='bbox 548 2234 649 2297; x_wconf 90' lang='lat' dir='ltr'>L1.</span> <span class='ocrx_word' id='word_1_95' title='bbox 722 2255 869 2295; x_wconf 93' lang='lat' dir='ltr'>sane</span> <span class='ocrx_word' id='word_1_96' title='bbox 897 2229 1289 2293; x_wconf 79' lang='lat' dir='ltr'>turbulento,</span> <span class='ocrx_word' id='word_1_97' title='bbox 1371 2253 1636 2314; x_wconf 85' lang='lat' dir='ltr'>magnae</span> <span class='ocrx_word' id='word_1_98' title='bbox 1665 2229 1975 2293; x_wconf 91' lang='lat' dir='ltr'>bellorum</span> <span class='ocrx_word' id='word_1_99' title='bbox 2007 2231 2213 2293; x_wconf 79' lang='lat' dir='ltr'>minae</span> 
     </span>
     <span class='ocr_line' id='line_1_19' title="bbox 419 2330 2209 2420; baseline -0.002 -21"><span class='ocrx_word' id='word_1_100' title='bbox 419 2343 588 2400; x_wconf 90' lang='lat' dir='ltr'>sunt.</span> <span class='ocrx_word' id='word_1_101' title='bbox 679 2332 836 2420; x_wconf 91' lang='lat' dir='ltr'>quid</span> <span class='ocrx_word' id='word_1_102' title='bbox 901 2332 1051 2395; x_wconf 91' lang='lat' dir='ltr'>mali</span> <span class='ocrx_word' id='word_1_103' title='bbox 1111 2330 1371 2394; x_wconf 82' lang='lat' dir='ltr'>allaturi</span> <span class='ocrx_word' id='word_1_104' title='bbox 1432 2333 1561 2395; x_wconf 91' lang='lat' dir='ltr'>sint</span> <span class='ocrx_word' id='word_1_105' title='bbox 1618 2332 1909 2396; x_wconf 85' lang='lat' dir='ltr'>hostibus</span> <span class='ocrx_word' id='word_1_106' title='bbox 1966 2334 2209 2396; x_wconf 89' lang='lat' dir='ltr'>nescio:</span> 
     </span>
     <span class='ocr_line' id='line_1_20' title="bbox 421 2433 2210 2519; baseline -0.002 -18"><span class='ocrx_word' id='word_1_107' title='bbox 421 2444 590 2501; x_wconf 88' lang='lat' dir='ltr'>certe</span> <span class='ocrx_word' id='word_1_108' title='bbox 619 2435 793 2500; x_wconf 84' lang='lat' dir='ltr'>Galli</span> <span class='ocrx_word' id='word_1_109' title='bbox 824 2436 951 2498; x_wconf 90' lang='lat' dir='ltr'>iam</span> <span class='ocrx_word' id='word_1_110' title='bbox 984 2434 1104 2519; x_wconf 92' lang='lat' dir='ltr'>ipsi</span> <span class='ocrx_word' id='word_1_111' title='bbox 1135 2456 1263 2496; x_wconf 91' lang='lat' dir='ltr'>non</span> <span class='ocrx_word' id='word_1_112' title='bbox 1294 2433 1575 2497; x_wconf 85' lang='lat' dir='ltr'>dicendis</span> <span class='ocrx_word' id='word_1_113' title='bbox 1607 2434 1787 2497; x_wconf 89' lang='lat' dir='ltr'>malis</span> <span class='ocrx_word' id='word_1_114' title='bbox 1817 2434 2210 2519; x_wconf 87' lang='lat' dir='ltr'>affliguntur.</span> 
     </span>
    </p>

    <p class='ocr_par' dir='ltr' id='par_1_13' title="bbox 553 2536 2216 2622">
     <span class='ocr_line' id='line_1_21' title="bbox 553 2536 2216 2622; baseline -0.002 -20"><span class='ocrx_word' id='word_1_115' title='bbox 553 2540 676 2602; x_wconf 75' lang='lat' dir='ltr'>GE.</span> <span class='ocrx_word' id='word_1_116' title='bbox 725 2536 892 2600; x_wconf 92' lang='lat' dir='ltr'>unde</span> <span class='ocrx_word' id='word_1_117' title='bbox 911 2536 1397 2622; x_wconf 88' lang='lat' dir='ltr'>proficiscuntur</span> <span class='ocrx_word' id='word_1_118' title='bbox 1414 2537 1520 2600; x_wconf 93' lang='lat' dir='ltr'>isti</span> <span class='ocrx_word' id='word_1_119' title='bbox 1540 2536 1849 2600; x_wconf 90' lang='lat' dir='ltr'>bellorum</span> <span class='ocrx_word' id='word_1_120' title='bbox 1863 2536 2216 2600; x_wconf 87' lang='lat' dir='ltr'>tumultus?</span> 
     </span>
    </p>

    <p class='ocr_par' dir='ltr' id='par_1_14' title="bbox 553 2638 1929 2725">
     <span class='ocr_line' id='line_1_22' title="bbox 553 2638 1929 2725; baseline -0.002 -21"><span class='ocrx_word' id='word_1_121' title='bbox 553 2643 654 2705; x_wconf 91' lang='lat' dir='ltr'>L1.</span> <span class='ocrx_word' id='word_1_122' title='bbox 728 2639 894 2703; x_wconf 94' lang='lat' dir='ltr'>unde</span> <span class='ocrx_word' id='word_1_123' title='bbox 923 2640 1044 2702; x_wconf 90' lang='lat' dir='ltr'>nisi</span> <span class='ocrx_word' id='word_1_124' title='bbox 1074 2662 1108 2701; x_wconf 95' lang='lat' dir='ltr'>e</span> <span class='ocrx_word' id='word_1_125' title='bbox 1138 2638 1494 2723; x_wconf 90' lang='lat' dir='ltr'>cupiditate</span> <span class='ocrx_word' id='word_1_126' title='bbox 1524 2640 1929 2725; x_wconf 85' lang='lat' dir='ltr'>principum?</span> 
     </span>
    </p>

    <p class='ocr_par' dir='ltr' id='par_1_15' title="bbox 339 2742 2212 2932">
     <span class='ocr_line' id='line_1_23' title="bbox 339 2742 2212 2828; baseline -0.003 -18"><span class='ocrx_word' id='word_1_127' title='bbox 339 2785 400 2820; x_wconf 86' lang='lat'>20</span> <span class='ocrx_word' id='word_1_128' title='bbox 554 2746 677 2810; x_wconf 78' lang='lat' dir='ltr'>GE.</span> <span class='ocrx_word' id='word_1_129' title='bbox 725 2751 796 2808; x_wconf 89' lang='lat' dir='ltr'>at</span> <span class='ocrx_word' id='word_1_130' title='bbox 852 2744 1080 2806; x_wconf 91' lang='lat' dir='ltr'>horum</span> <span class='ocrx_word' id='word_1_131' title='bbox 1140 2742 1485 2828; x_wconf 91' lang='lat' dir='ltr'>prudentia</span> <span class='ocrx_word' id='word_1_132' title='bbox 1542 2742 1959 2806; x_wconf 91' lang='lat' dir='ltr'>conveniebat</span> <span class='ocrx_word' id='word_1_133' title='bbox 2011 2742 2212 2807; x_wconf 90' lang='lat' dir='ltr'>sedari</span> 
     </span>
     <span class='ocr_line' id='line_1_24' title="bbox 423 2850 1569 2932; baseline -0.004 -17"><span class='ocrx_word' id='word_1_134' title='bbox 423 2873 632 2915; x_wconf 91' lang='lat' dir='ltr'>rerum</span> <span class='ocrx_word' id='word_1_135' title='bbox 675 2850 1094 2912; x_wconf 88' lang='lat' dir='ltr'>humanarum</span> <span class='ocrx_word' id='word_1_136' title='bbox 1140 2853 1569 2932; x_wconf 80' lang='lat' dir='ltr'>tempestates,</span> 
     </span>
    </p>

    <p class='ocr_par' dir='ltr' id='par_1_16' title="bbox 424 2948 2215 3222">
     <span class='ocr_line' id='line_1_25' title="bbox 553 2948 2211 3035; baseline -0.001 -19"><span class='ocrx_word' id='word_1_137' title='bbox 553 2955 654 3016; x_wconf 93' lang='lat' dir='ltr'>L1.</span> <span class='ocrx_word' id='word_1_138' title='bbox 727 2950 953 3014; x_wconf 90' lang='lat' dir='ltr'>sedant</span> <span class='ocrx_word' id='word_1_139' title='bbox 995 2949 1091 3013; x_wconf 92' lang='lat' dir='ltr'>illi</span> <span class='ocrx_word' id='word_1_140' title='bbox 1136 2949 1418 3035; x_wconf 91' lang='lat' dir='ltr'>quidem,</span> <span class='ocrx_word' id='word_1_141' title='bbox 1461 2948 1570 3012; x_wconf 93' lang='lat' dir='ltr'>sed</span> <span class='ocrx_word' id='word_1_142' title='bbox 1622 2957 1697 3013; x_wconf 92' lang='lat' dir='ltr'>ut</span> <span class='ocrx_word' id='word_1_143' title='bbox 1741 2953 1982 3014; x_wconf 88' lang='lat' dir='ltr'>Auster</span> <span class='ocrx_word' id='word_1_144' title='bbox 2025 2974 2211 3015; x_wconf 92' lang='lat' dir='ltr'>mare.</span> 
     </span>
     <span class='ocr_line' id='line_1_26' title="bbox 424 3052 2215 3144; baseline -0.001 -24"><span class='ocrx_word' id='word_1_145' title='bbox 424 3055 806 3144; x_wconf 89' lang='lat' dir='ltr'>persuadent</span> <span class='ocrx_word' id='word_1_146' title='bbox 834 3054 954 3117; x_wconf 93' lang='lat' dir='ltr'>sibi</span> <span class='ocrx_word' id='word_1_147' title='bbox 986 3076 1048 3115; x_wconf 89' lang='lat' dir='ltr'>se</span> <span class='ocrx_word' id='word_1_148' title='bbox 1078 3052 1227 3115; x_wconf 89' lang='lat' dir='ltr'>deos</span> <span class='ocrx_word' id='word_1_149' title='bbox 1256 3076 1408 3132; x_wconf 87' lang='lat' dir='ltr'>esse,</span> <span class='ocrx_word' id='word_1_150' title='bbox 1428 3076 1666 3139; x_wconf 91' lang='lat' dir='ltr'>suaque</span> <span class='ocrx_word' id='word_1_151' title='bbox 1696 3076 1881 3117; x_wconf 90' lang='lat' dir='ltr'>causa</span> <span class='ocrx_word' id='word_1_152' title='bbox 1910 3054 2215 3118; x_wconf 91' lang='lat' dir='ltr'>mundum</span> 
     </span>
     <span class='ocr_line' id='line_1_27' title="bbox 424 3156 1129 3222; baseline -0.003 0"><span class='ocrx_word' id='word_1_153' title='bbox 424 3160 594 3222; x_wconf 91' lang='lat' dir='ltr'>hunc</span> <span class='ocrx_word' id='word_1_154' title='bbox 622 3181 749 3221; x_wconf 91' lang='lat' dir='ltr'>esse</span> <span class='ocrx_word' id='word_1_155' title='bbox 779 3156 1129 3220; x_wconf 87' lang='lat' dir='ltr'>conditum.</span> 
     </span>
    </p>

    <p class='ocr_par' dir='ltr' id='par_1_17' title="bbox 339 3257 2216 3447">
     <span class='ocr_line' id='line_1_28' title="bbox 339 3257 2216 3356; baseline -0.002 -30"><span class='ocrx_word' id='word_1_156' title='bbox 339 3302 399 3356; x_wconf 77' lang='lat'>25</span> <span class='ocrx_word' id='word_1_157' title='bbox 555 3263 680 3326; x_wconf 74' lang='lat' dir='ltr'>GE.</span> <span class='ocrx_word' id='word_1_158' title='bbox 727 3262 924 3323; x_wconf 91' lang='lat' dir='ltr'>immo</span> <span class='ocrx_word' id='word_1_159' title='bbox 975 3260 1265 3344; x_wconf 89' lang='lat' dir='ltr'>princeps</span> <span class='ocrx_word' id='word_1_160' title='bbox 1324 3259 1413 3321; x_wconf 91' lang='lat' dir='ltr'>rei</span> <span class='ocrx_word' id='word_1_161' title='bbox 1467 3257 1757 3343; x_wconf 90' lang='lat' dir='ltr'>publicae</span> <span class='ocrx_word' id='word_1_162' title='bbox 1809 3259 2021 3343; x_wconf 88' lang='lat' dir='ltr'>gratia</span> <span class='ocrx_word' id='word_1_163' title='bbox 2070 3282 2216 3323; x_wconf 89' lang='lat' dir='ltr'>con-</span> 
     </span>
     <span class='ocr_line' id='line_1_29' title="bbox 428 3359 1950 3447; baseline -0.003 -18"><span class='ocrx_word' id='word_1_164' title='bbox 428 3365 744 3442; x_wconf 90' lang='lat' dir='ltr'>stituitur,</span> <span class='ocrx_word' id='word_1_165' title='bbox 787 3384 916 3425; x_wconf 90' lang='lat' dir='ltr'>non</span> <span class='ocrx_word' id='word_1_166' title='bbox 959 3384 1054 3423; x_wconf 91' lang='lat' dir='ltr'>res</span> <span class='ocrx_word' id='word_1_167' title='bbox 1098 3359 1358 3447; x_wconf 88' lang='lat' dir='ltr'>publica</span> <span class='ocrx_word' id='word_1_168' title='bbox 1401 3360 1703 3446; x_wconf 89' lang='lat' dir='ltr'>principis</span> <span class='ocrx_word' id='word_1_169' title='bbox 1747 3383 1950 3425; x_wconf 87' lang='lat' dir='ltr'>causa.</span> 
     </span>
    </p>
   </div>
  </div>
 </body>
</html>
