2705 3881
645 233 919 307 Sancte
968 228 1317 303 Socrates
1367 251 1508 301 ora
1549 250 1699 326 pro
1751 220 1956 298 nohis
2100 237 2194 303 49

1199 554 1410 629 XIV.

693 745 958 805 Sancte
1002 741 1321 802 Socrates
1362 755 1485 798 ora
1524 753 1652 813 pro
1691 735 1913 796 nobie.

578 887 947 941 EUSEBIUS.
1007 882 1451 938 NEPHALIUS.
1519 879 2033 935 CHRISTIANUS.

545 1024 662 1086 Eu.
725 1023 911 1086 sacris
962 1020 1218 1106 quidem
1270 1019 1505 1082 litteris
1555 1018 1793 1104 ubique
1843 1018 2050 1104 prima
2094 1016 2201 1080 de-

400 1124 603 1188 ·betur
665 1124 1028 1187 auctoritas.
1114 1123 1221 1186 sed
1290 1130 1505 1186 tamen
1564 1144 1684 1206 ego
1747 1141 2201 1205 nonnunquam

414 1225 664 1288 offendo
695 1224 1006 1310 quaedam
1037 1226 1274 1311 scripta
1300 1248 1342 1289 a
1371 1223 1687 1287 veteribus
1718 1232 1853 1287 tam
1875 1222 2203 1298 divinitus,

417 1335 490 1391 ut
534 1334 754 1413 putem
799 1329 1042 1391 animos
1087 1327 1337 1390 illorum
1386 1350 1620 1390 numen
1661 1324 1923 1412 aliquod
1963 1324 2204 1388 bonum

413 1430 676 1513 agitare.
753 1436 821 1493 et
849 1429 1113 1492 fortasse
1135 1428 1328 1491 latius
1359 1451 1423 1491 se
1444 1427 1660 1492 fundit
1683 1428 1944 1513 spiritus
1968 1427 2203 1490 Christi
2231 1448 2257 1500 5

413 1553 605 1616 quam
629 1554 742 1594 nos
765 1532 1297 1618 interpretamur3
1337 1539 1406 1595 et
1428 1531 1615 1595 multi
1640 1538 1790 1594 sunt
1813 1533 1878 1593 in
1904 1530 2204 1593 sodalicio

414 1635 787 1698 Sanctorum
811 1637 1070 1721 quinon
1093 1642 1243 1698 sunt
1265 1635 1440 1721 apud
1462 1658 1575 1697 nos
1598 1635 1665 1696 in
1688 1633 1999 1717 catalogo,
2061 1657 2202 1696 cum

414 1738 697 1824 plerique
741 1739 888 1802 libri
943 1741 1036 1804 M.
1086 1738 1312 1816 Tullii,
1363 1761 1521 1823 quos
1572 1738 1824 1822 scripsit
1873 1737 1954 1801 de
1995 1737 2204 1824 philo-

413 1842 660 1928 sophia,
715 1865 844 1905 non
910 1842 1068 1905 nihil
1128 1842 1488 1906 divinitatis
1551 1843 1817 1927 spirant,
1877 1848 2017 1904 tum
2076 1840 2205 1918 ille,

413 1967 601 2029 quem
660 1968 847 2008 senex
904 1946 1156 2031 scripsit
1211 1944 1292 2008 de
1349 1951 1693 2021 senectute,
1745 1944 1901 2007 mihi
1954 1944 2207 2007 videtur
2251 1970 2310 2006 10

413 2068 662 2109 carmen
691 2070 758 2109 re
791 2070 935 2111 vera
961 2070 1278 2133 cycneum.
1369 2070 1512 2110 eum
1548 2046 1739 2110 hodie
1766 2046 1980 2131 relegi,
2011 2053 2205 2133 atque

413 2150 568 2213 haec
619 2150 831 2228 verba,
879 2173 1042 2236 quae
1092 2152 1250 2214 mihi
1304 2151 1576 2214 maxime
1634 2148 2021 2227 arridebant,
2072 2150 2204 2214 edi-

413 2252 539 2316 dici
561 2277 663 2316 ε·-

544 2362 562 2392 ‘
581 2359 634 2420 si
672 2359 814 2443 quis
853 2360 1028 2422 Deus
1068 2360 1225 2422 mihi
1264 2359 1577 2443 largiatur
1615 2366 1692 2422 ut
1731 2381 1808 2421 ex
1843 2358 1962 2421 hac
1992 2366 2203 2424 aetate

414 2482 842 2546 repuerascam
895 2470 962 2525 et
1009 2464 1075 2526 in
1119 2464 1294 2526 cunis
1339 2464 1609 2546 vagiam,
1658 2460 1840 2523 valde
1890 2484 2202 2537 recusem3
2249 2482 2305 2535 15

415 2585 526 2624 nec
568 2586 712 2627 vero
757 2564 964 2642 velim,
1006 2566 1185 2650 quasi
1230 2563 1491 2628 decurso
1535 2565 1765 2650 spatie,
1805 2563 1889 2627 ad
1932 2587 2203 2627 carceres

413 2683 453 2723 a
486 2662 651 2726 calce
679 2666 975 2728 revocari.
1064 2663 1223 2751 quid
1251 2667 1420 2727 enim
1451 2663 1648 2727 habet
1680 2666 1813 2726 vita
1841 2664 2202 2727 commodi?

414 2762 571 2847 quid
599 2788 726 2827 non
761 2768 976 2851 potius
1005 2766 1285 2830 laboris?
1359 2766 1469 2829 sed
1494 2765 1732 2829 habeat
1775 2788 1958 2831 sane:
2004 2766 2201 2829 habet

413 2874 580 2929 certe
609 2875 822 2931 tamen
853 2878 970 2933 aut
997 2871 1359 2933 satietatem
1390 2877 1505 2932 aut
1536 2868 1810 2933 modum.
1882 2892 2011 2932 non
2042 2868 2201 2933 libet

414 2970 580 3032 enim
647 2972 804 3034 mihi
863 2971 1191 3059 deplorare
1250 2973 1470 3049 vitam,
1530 2972 1702 3057 quod
1761 2972 1970 3051 multi,
2018 2979 2086 3035 et
2142 2973 2200 3035 ei
2243 2998 2306 3033 20

413 3069 608 3150 docti,
655 3098 838 3161 saepe
888 3078 1188 3139 fecerunt.
1286 3097 1402 3138 nec
1453 3097 1552 3137 me
1611 3075 1834 3138 vixisse
1892 3077 2200 3163 paenitet,

413 3177 712 3260 quoniam
782 3178 877 3240 ita
945 3178 1101 3254 vixi,
1157 3183 1232 3239 ut
1303 3199 1431 3238 non
1502 3176 1737 3239 frustra
1806 3201 1904 3240 me
1973 3186 2196 3242 natum

413 3278 804 3351 existimem;
863 3285 931 3341 et
979 3300 1058 3339 ex
1102 3279 1237 3340 vita
1279 3278 1405 3340 ista
1447 3275 1700 3340 discedo
1746 3286 2073 3365 tamquam
2118 3304 2197 3344 ex

413 3378 713 3463 hospitiO,
773 3401 900 3442 non
959 3386 1287 3466 tamquam
1355 3402 1388 3441 e
1446 3377 1655 3442 domo,
1768 3382 2193 3444 commorandi

574 3524 704 3566 um.
1998 3507 2039 3565 4
