2705 3881
957 150 1114 224 lee
1163 150 1601 248 schoolboy’s
1652 153 1803 249 day
2173 166 2267 232 45

605 337 724 398 En.
779 334 885 396 sed
930 357 1065 417 age,
1110 334 1213 398 dic
1266 335 1447 413 mihi,
1493 335 1725 420 quibus
1777 335 2005 401 studiis
2055 345 2270 402 totum

477 438 774 520 transigis
817 436 1033 500 diem?

604 541 731 604 GA.
779 539 940 602 nihil
984 538 1202 603 celabo
1246 548 1381 603 tam
1434 541 1632 605 fidum
1678 540 1974 606 sodalem.
2065 566 2270 622 mane,

476 641 663 705 simul
729 665 804 705 ac
871 664 1008 704 sum
1077 650 1476 728 experrectus
1541 642 1634 723 (id
1706 643 1835 706 fere
1898 644 1975 707 fit
2042 645 2271 729 quinta

473 745 679 823 hora),
726 746 865 807 Deo
913 768 1035 829 ago
1086 747 1349 829 gratiaS,
1397 746 1571 829 quod
1615 768 1754 808 eam
1807 754 2056 810 noctem
2111 749 2266 811 mihi
2295 769 2321 821 5

476 847 747 911 voluerit
776 870 903 910 esse
932 869 1328 933 prosperamg
1373 870 1719 933 precorque
1751 856 1826 912 ut
1854 849 2022 912 diem
2054 856 2267 912 totum

477 950 630 1012 mihi
677 948 836 1013 bene
879 949 1168 1013 fortunet
1211 949 1295 1013 ad
1339 950 1537 1034 ipsius
1580 949 1850 1033 gloriam
1904 958 1971 1014 et
2021 952 2268 1014 animae

477 1076 649 1117 meae
684 1053 973 1131 salutem,
1004 1061 1071 1116 et
1099 1053 1404 1138 dignetur
1442 1052 1792 1117 illucescere
1834 1054 2032 1116 menti
2074 1076 2267 1130 meae,

474 1178 554 1218 ne
597 1156 867 1220 incidam
915 1156 983 1219 in
1027 1155 1228 1219 ullum
1273 1164 1626 1242 peccatum,
1672 1155 1783 1219 sed
1826 1156 2024 1241 ipsius
2066 1155 2263 1219 ductu

473 1261 833 1345 perveniam
876 1260 957 1322 ad
1006 1261 1203 1323 vitam
1247 1267 1586 1324 aeternam.
2296 1291 2356 1327 10

603 1365 723 1426 En.
779 1363 1016 1426 bonum
1049 1363 1175 1426 diei
1206 1363 1535 1427 exordium
1564 1369 1576 1429 !

604 1466 730 1529 GA.
778 1464 1006 1529 deinde
1071 1465 1366 1529 salutatis
1423 1466 1815 1551 parentibuS,
1884 1467 2115 1551 quibus
2174 1489 2264 1529 se-

477 1568 750 1631 cundum
823 1571 1030 1632 Deum
1104 1569 1377 1654 primam
1452 1569 1651 1632 debeo
1725 1570 2055 1655 pietatem,
2122 1591 2265 1632 cum

475 1678 724 1757 tempus
756 1678 901 1755 est,
961 1670 1216 1733 confero
1274 1693 1374 1733 me
1433 1670 1516 1734 ad
1574 1670 1796 1734 ludum
1858 1669 2260 1734 litterarium.

473 1774 647 1858 quod
713 1775 766 1837 is
823 1772 995 1836 locus
1055 1774 1364 1859 postulat,
1424 1782 1569 1838 toto
1636 1797 1759 1858 ago
1828 1781 2119 1860 pectore3
2191 1798 2266 1838 ac
2295 1796 2350 1848 15

475 1876 676 1940 modis
728 1877 1023 1940 omnibus
1082 1876 1166 1939 do
1226 1899 1482 1963 operam
1543 1900 1622 1940 ne
1672 1879 1902 1940 merito
1955 1877 2263 1963 vapulem,

474 2004 553 2043 ne
589 1980 746 2066 quid
786 1981 961 2044 dicto
1004 1981 1251 2044 factove
1293 1981 1391 2044 vel
1438 1989 1906 2067 praeceptorem
1946 1980 2262 2044 offendam

475 2083 571 2146 vel
615 2084 856 2147 sodales
901 2109 1088 2149 meos,

603 2187 720 2250 En.
775 2185 1012 2271 probus
1041 2210 1104 2250 es
1134 2188 1245 2271 qui
1276 2186 1403 2250 ista
1431 2187 1687 2270 cogites,

602 2291 726 2354 GA.
766 2291 1065 2354 ⁴dimissus
1137 2314 1176 2353 a
1248 2290 1403 2354 ludo
1479 2291 1736 2355 domum
1813 2314 2101 2379 propero.
2210 2291 2258 2354 si
2288 2320 2352 2356 20

474 2394 628 2480 quid
673 2402 770 2458 est
812 2393 1097 2479 obsequii
1149 2393 1600 2479 praestandum
1645 2395 2035 2479 parentibuS‚
2080 2396 2258 2460 obeo.

473 2505 634 2571 tum,
665 2498 716 2560 si
757 2497 914 2582 quid
953 2498 1146 2561 etiam
1187 2504 1471 2583 superest
1509 2499 1833 2586 temporiS,
1863 2506 2105 2562 mecum
2146 2506 2262 2564 aut

473 2623 613 2663 cum
659 2599 871 2663 sodale
914 2608 1134 2686 repeto
1178 2599 1352 2686 quod
1395 2599 1632 2663 lectum
1676 2607 1773 2663 est
1816 2601 1882 2663 in
1927 2601 2153 2682 schola.

601 2705 719 2767 En.
772 2726 1110 2791 perparcus
1139 2726 1202 2767 es
1231 2704 1553 2788 temporis·

601 2807 728 2871 GA.
776 2829 888 2870 nec
918 2808 1146 2870 mirum
1177 2807 1228 2869 si
1257 2828 1484 2892 parcus
1512 2828 1648 2868 sum
1680 2807 1792 2884 rei,
1822 2814 1899 2869 ut
1927 2808 2259 2893 pretiosae,
2285 2837 2314 2887 2
2319 2835 2346 2888 5

474 2910 569 2973 ita
595 2909 1037 2974 irrevocabilis.
1125 2917 1301 2972 aetas
1339 2930 1666 2993 nunquam
1697 2930 1826 2972 non
1854 2908 2102 2989 defluit,
2132 2911 2260 2973 sive

472 3013 707 3098 dormis
737 3015 865 3076 sive
893 3012 1134 3098 vigilas

603 3118 721 3180 Ea.
774 3116 1016 3191 fateor3
1060 3114 1168 3178 sed
1197 3113 1354 3200 quid
1382 3112 1609 3177 deinde
1637 3114 1726 3176 rei
1756 3114 2045 3198 geritur?

601 3220 729 3284 GA.
774 3220 933 3282 hora
969 3217 1233 3296 decima,
1261 3216 1575 3280 adornata
1615 3215 1985 3300 parentibus
2024 3238 2259 3295 mensa,

475 3321 932 3408 prandentibus
972 3322 1284 3401 minist-m,
1311 3320 1512 3385 donec
1551 3319 1772 3382 iubeor
1805 3326 1873 3383 et
1907 3320 2040 3406 ipse
2068 3343 2256 3407 pran-
2284 3346 2347 3395 30
