2705 3881
489 236 535 303 6
973 222 1312 323 Putting
1360 223 1478 299 the
1529 223 1795 323 weiglzt

1221 560 1230 567 ’
1309 574 1458 650 ΙΙΙ.

997 791 1282 866 Putting
1320 790 1444 851 the
1484 790 1762 866 weight.

691 975 1108 1031 ADOLPHUS.
1187 975 1661 1029 BERNARDUS.
1740 973 2069 1030 ARBITRI.

620 1157 745 1220 An.
792 1162 867 1219 tu
908 1154 1147 1217 totiens
1186 1152 1362 1238 apud
1398 1176 1498 1217 me
1525 1152 1837 1238 gloriatus
1866 1176 1929 1216 es
1958 1160 2026 1216 te
2056 1153 2284 1217 mirum

488 1283 617 1323 esse
663 1259 967 1322 artificem
1016 1257 1082 1319 in
1128 1257 1471 1319 certamine
1516 1256 1817 1320 mittendi
1860 1255 2057 1340 globi.
2147 1279 2285 1341 age,

489 1364 651 1429 libet
693 1363 964 1450 experiri
1010 1361 1217 1447 qualis
1262 1361 1360 1424 vir
1404 1362 1503 1424 sis,

619 1469 736 1530 ΒΕ.
791 1465 954 1529 nihil
992 1465 1297 1528 detrecto,
1389 1487 1558 1528 nunc
1596 1472 1696 1543 tu,
1723 1465 1898 1550 quod
1937 1463 2063 1528 dici
2105 1463 2286 1542 solet,

436 1593 463 1646 5
490 1571 558 1634 in
589 1568 923 1655 planitiem
955 1591 1258 1655 provocas
1288 1591 1361 1653 eq
1373 1591 1541 1633 uum.

621 1675 748 1735 An.
795 1679 862 1734 et
891 1678 966 1733 tu
997 1671 1225 1734 senties
1255 1694 1356 1735 me
1384 1694 1512 1733 non
1543 1695 1672 1734 esse
1699 1671 1965 1735 asinum.

619 1776 737 1839 ΒΕ.
792 1774 1082 1860 placetne
1133 1775 1594 1852 monomachia,
1639 1782 1714 1838 ut
1765 1798 1928 1838 unus
1971 1797 2115 1837 cum
2160 1797 2289 1838 uno

491 1877 961 1966 congrediatur,
1003 1901 1086 1940 an
1132 1877 1330 1940 mavis
1375 1876 1639 1962 adiungi
1686 1878 1929 1940 socios?

622 1986 748 2047 ΑΙ).
797 1982 957 2046 illud
1010 1982 1199 2060 ma10‚
1245 2005 1324 2045 ne
1377 2005 1506 2068 qua
1555 2004 1702 2067 pars
1748 1982 2051 2045 victoriae
2101 1981 2291 2046 detur

409 2116 470 2152 1o
492 2089 696 2152 alteri.

622 2194 735 2255 BE.
793 2191 968 2256 istud
996 2198 1063 2254 et
1091 2191 1225 2277 ipse
1256 2191 1446 2267 ma10‚
1477 2198 1554 2255 ut
1581 2189 1719 2253 laus
1748 2197 1894 2256 tota
1924 2191 2009 2254 sit
2040 2214 2196 2254 mea.

622 2300 749 2359 An.
795 2296 863 2359 hi
894 2301 1280 2381 spectatores
1308 2301 1498 2357 erunt
1527 2301 1594 2357 et
1622 2293 1868 2358 arbitri.

622 2400 738 2462 ΒΕ.
794 2398 1047 2483 recipio,
1137 2395 1247 2460 sed
1285 2396 1462 2482 quod
1501 2396 1624 2458 erit
1665 2396 1890 2458 victori
1937 2399 2302 2482 praemium·

493 2509 610 2566 aut
653 2524 816 2586 quae
861 2501 1031 2563 victo
1074 2502 1325 2584 poena?

412 2634 467 2687 15
627 2606 750 2668 An.
798 2626 925 2666 non
957 2610 1054 2665 est
1085 2603 1487 2686 magnificum
1520 2609 1761 2666 certare
1790 2624 1908 2687 pro
1937 2604 2223 2689 pecunia.

624 2709 740 2771 ΒΕ.
795 2714 870 2771 tu
931 2706 1156 2769 Gallus
1216 2729 1299 2785 eS,
1354 2729 1472 2791 ego
1526 2707 1919 2780 Germanu83
1983 2714 2293 2770 certemus

491 2818 762 2894 uterque
805 2830 923 2895 pro
968 2830 1115 2870 suae
1157 2807 1369 2891 gentis
1411 2807 1634 2892 gloria.

625 2916 750 2975 ΑΙ).
798 2912 849 2974 si
873 2912 1098 2990 vicem,
1122 2919 1197 2974 tu
1227 2918 1328 2974 ter
1349 2910 1730 2974 exclamabis
1753 2916 1770 2946 ‘
1792 2910 2017 2976 floreat
2039 2911 2294 2976 Gallia?

496 3018 547 3081 si
570 3017 793 3092 victuS‚
814 3015 987 3101 quod
1010 3014 1199 3092 absit,
1220 3013 1420 3091 fuero,
1440 3013 1714 3077 totidem
1735 3014 1939 3076 verbis
1963 3014 2293 3079 celebrabo

410 3150 472 3184 20
495 3129 671 3183 tuam
706 3120 1131 3182 Germaniam.

629 3226 739 3286 ΒΕ.
794 3245 933 3306 age,
953 3221 1162 3307 placet
1180 3220 1489 3283 condicio·
1542 3219 1713 3282 adsit
1732 3220 2036 3283 Fortuna.
2092 3244 2292 3306 quan-

497 3329 581 3393 do
627 3328 1072 3414 periclitantur
1113 3327 1233 3388 hoc
1276 3325 1432 3388 ludo
1483 3324 1647 3388 duae
1700 3323 2009 3386 maximae
2052 3332 2294 3410 gentes,

498 3434 628 3496 sint
670 3454 850 3518 pares
895 3430 1214 3516 sphaerae.
