<?xml version="1.0" encoding="UTF-8"?>
<!DOCTYPE html PUBLIC "-//W3C//DTD XHTML 1.0 Transitional//EN"
    "http://www.w3.org/TR/xhtml1/DTD/xhtml1-transitional.dtd">
<html xmlns="http://www.w3.org/1999/xhtml" xml:lang="en" lang="en">
 <head>
  <title>
</title>
<meta http-equiv="Content-Type" content="text/html;charset=utf-8" />
  <meta name='ocr-system' content='tesseract 3.04.00' />
  <meta name='ocr-capabilities' content='ocr_page ocr_carea ocr_par ocr_line ocrx_word'/>
</head>
<body>
  <div class='ocr_page' id='page_1' title='image "./alteracolloquia00edwagoog_0032.png"; bbox 0 0 2705 3881; ppageno 0'>
   <div class='ocr_carea' id='block_1_1' title="bbox 502 226 1670 306">
    <p class='ocr_par' dir='ltr' id='par_1_1' title="bbox 502 226 1670 306">
     <span class='ocr_line' id='line_1_1' title="bbox 502 226 1670 306; baseline -0.004 0"><span class='ocrx_word' id='word_1_1' title='bbox 502 242 544 306; x_wconf 88' lang='grc'>2</span> <span class='ocrx_word' id='word_1_2' title='bbox 1116 227 1285 300; x_wconf 83' lang='lat' dir='ltr'><strong>Not</strong></span> <span class='ocrx_word' id='word_1_3' title='bbox 1336 235 1419 298; x_wconf 84' lang='lat' dir='ltr'><strong>at</strong></span> <span class='ocrx_word' id='word_1_4' title='bbox 1467 226 1670 301; x_wconf 77' lang='lat' dir='ltr'><strong>home</strong></span> 
     </span>
    </p>
   </div>
   <div class='ocr_carea' id='block_1_2' title="bbox 387 411 2284 3162">
    <p class='ocr_par' dir='ltr' id='par_1_2' title="bbox 497 411 2284 703">
     <span class='ocr_line' id='line_1_2' title="bbox 626 411 2284 498; baseline 0.001 -21"><span class='ocrx_word' id='word_1_5' title='bbox 626 417 717 478; x_wconf 89' lang='lat'><strong>10.</strong></span> <span class='ocrx_word' id='word_1_6' title='bbox 786 415 981 477; x_wconf 90' lang='lat' dir='ltr'><strong>immo</strong></span> <span class='ocrx_word' id='word_1_7' title='bbox 1047 421 1123 477; x_wconf 85' lang='lat' dir='ltr'><strong>tu</strong></span> <span class='ocrx_word' id='word_1_8' title='bbox 1191 411 1643 498; x_wconf 90' lang='lat' dir='ltr'><strong>impudentior.</strong></span> <span class='ocrx_word' id='word_1_9' title='bbox 1750 435 1953 498; x_wconf 89' lang='lat' dir='ltr'>nuper</span> <span class='ocrx_word' id='word_1_10' title='bbox 2019 415 2284 479; x_wconf 81' lang='lat' dir='ltr'><strong>ancillae</strong></span> 
     </span>
     <span class='ocr_line' id='line_1_3' title="bbox 497 514 2284 589; baseline 0.002 -9"><span class='ocrx_word' id='word_1_11' title='bbox 497 524 646 580; x_wconf 86' lang='lat' dir='ltr'><strong>tuae</strong></span> <span class='ocrx_word' id='word_1_12' title='bbox 689 516 926 580; x_wconf 82' lang='lat' dir='ltr'><strong>credidi</strong></span> <span class='ocrx_word' id='word_1_13' title='bbox 972 524 1037 580; x_wconf 88' lang='lat' dir='ltr'><strong>te</strong></span> <span class='ocrx_word' id='word_1_14' title='bbox 1081 539 1210 579; x_wconf 90' lang='lat' dir='ltr'><strong>non</strong></span> <span class='ocrx_word' id='word_1_15' title='bbox 1253 539 1382 578; x_wconf 88' lang='lat' dir='ltr'><strong>esse</strong></span> <span class='ocrx_word' id='word_1_16' title='bbox 1425 514 1639 589; x_wconf 88' lang='lat' dir='ltr'><strong>domi;</strong></span> <span class='ocrx_word' id='word_1_17' title='bbox 1681 523 1749 579; x_wconf 87' lang='lat' dir='ltr'><strong>et</strong></span> <span class='ocrx_word' id='word_1_18' title='bbox 1792 523 1868 579; x_wconf 88' lang='lat' dir='ltr'><strong>tu</strong></span> <span class='ocrx_word' id='word_1_19' title='bbox 1911 540 2042 581; x_wconf 90' lang='lat' dir='ltr'><strong>non</strong></span> <span class='ocrx_word' id='word_1_20' title='bbox 2085 518 2284 584; x_wconf 79' lang='lat' dir='ltr'><strong>credis</strong></span> 
     </span>
     <span class='ocr_line' id='line_1_4' title="bbox 498 619 867 703; baseline 0.003 -23"><span class='ocrx_word' id='word_1_21' title='bbox 498 619 653 680; x_wconf 94' lang='lat' dir='ltr'><strong>mihi</strong></span> <span class='ocrx_word' id='word_1_22' title='bbox 699 619 867 703; x_wconf 85' lang='lat' dir='ltr'><strong>ipsi?</strong></span> 
     </span>
    </p>

    <p class='ocr_par' dir='ltr' id='par_1_3' title="bbox 624 720 1896 806">
     <span class='ocr_line' id='line_1_5' title="bbox 624 720 1896 806; baseline 0.002 -23"><span class='ocrx_word' id='word_1_23' title='bbox 624 721 737 784; x_wconf 73' lang='lat' dir='ltr'><strong>PE.</strong></span> <span class='ocrx_word' id='word_1_24' title='bbox 783 743 1052 806; x_wconf 81' lang='lat' dir='ltr'><strong>aequum</strong></span> <span class='ocrx_word' id='word_1_25' title='bbox 1084 720 1264 796; x_wconf 85' lang='lat' dir='ltr'><strong>dicis,</strong></span> <span class='ocrx_word' id='word_1_26' title='bbox 1292 744 1410 806; x_wconf 82' lang='lat' dir='ltr'><strong>par</strong></span> <span class='ocrx_word' id='word_1_27' title='bbox 1439 720 1576 806; x_wconf 87' lang='lat' dir='ltr'><strong>pari</strong></span> <span class='ocrx_word' id='word_1_28' title='bbox 1607 721 1896 785; x_wconf 86' lang='lat' dir='ltr'><strong>relatum.</strong></span> 
     </span>
    </p>

    <p class='ocr_par' dir='ltr' id='par_1_4' title="bbox 443 821 2282 1011">
     <span class='ocr_line' id='line_1_6' title="bbox 443 821 2282 907; baseline 0.003 -23"><span class='ocrx_word' id='word_1_29' title='bbox 443 847 469 896; x_wconf 84' lang='lat'>5</span> <span class='ocrx_word' id='word_1_30' title='bbox 622 822 714 885; x_wconf 90' lang='lat' dir='ltr'><strong>Io.</strong></span> <span class='ocrx_word' id='word_1_31' title='bbox 783 821 1074 907; x_wconf 88' lang='lat' dir='ltr'><strong>equidem</strong></span> <span class='ocrx_word' id='word_1_32' title='bbox 1133 845 1261 886; x_wconf 90' lang='lat' dir='ltr'><strong>non</strong></span> <span class='ocrx_word' id='word_1_33' title='bbox 1321 822 1613 886; x_wconf 89' lang='lat' dir='ltr'><strong>omnibus</strong></span> <span class='ocrx_word' id='word_1_34' title='bbox 1672 845 1809 885; x_wconf 87' lang='lat' dir='ltr'><strong>sum</strong></span> <span class='ocrx_word' id='word_1_35' title='bbox 1873 823 2066 888; x_wconf 90' lang='lat' dir='ltr'><strong>domi.</strong></span> <span class='ocrx_word' id='word_1_36' title='bbox 2158 825 2282 890; x_wconf 89' lang='lat' dir='ltr'><strong>tibi</strong></span> 
     </span>
     <span class='ocr_line' id='line_1_7' title="bbox 495 926 1212 1011; baseline 0.004 -24"><span class='ocrx_word' id='word_1_37' title='bbox 495 926 760 1010; x_wconf 83' lang='lat' dir='ltr'><strong>posthac</strong></span> <span class='ocrx_word' id='word_1_38' title='bbox 804 948 1047 1011; x_wconf 85' lang='lat' dir='ltr'><strong>semper</strong></span> <span class='ocrx_word' id='word_1_39' title='bbox 1090 949 1212 990; x_wconf 78' lang='lat' dir='ltr'><strong>ero,</strong></span> 
     </span>
    </p>

    <p class='ocr_par' dir='ltr' id='par_1_5' title="bbox 623 1028 2176 1115">
     <span class='ocr_line' id='line_1_8' title="bbox 623 1028 2176 1115; baseline 0.003 -24"><span class='ocrx_word' id='word_1_40' title='bbox 623 1031 734 1107; x_wconf 70' lang='lat' dir='ltr'><strong>PE,</strong></span> <span class='ocrx_word' id='word_1_41' title='bbox 783 1028 891 1092; x_wconf 86' lang='lat' dir='ltr'><strong>sed</strong></span> <span class='ocrx_word' id='word_1_42' title='bbox 920 1037 993 1092; x_wconf 91' lang='lat' dir='ltr'><strong>tu</strong></span> <span class='ocrx_word' id='word_1_43' title='bbox 1026 1030 1183 1092; x_wconf 88' lang='lat' dir='ltr'><strong>mihi</strong></span> <span class='ocrx_word' id='word_1_44' title='bbox 1213 1029 1444 1092; x_wconf 87' lang='lat' dir='ltr'><strong>videris</strong></span> <span class='ocrx_word' id='word_1_45' title='bbox 1473 1029 1716 1093; x_wconf 80' lang='lat' dir='ltr'><strong>cocleae</strong></span> <span class='ocrx_word' id='word_1_46' title='bbox 1747 1030 1944 1093; x_wconf 81' lang='lat' dir='ltr'><strong>vitam</strong></span> <span class='ocrx_word' id='word_1_47' title='bbox 1975 1053 2176 1115; x_wconf 82' lang='lat' dir='ltr'><strong>agere.</strong></span> 
     </span>
    </p>

    <p class='ocr_par' dir='ltr' id='par_1_6' title="bbox 622 1132 1056 1195">
     <span class='ocr_line' id='line_1_9' title="bbox 622 1132 1056 1195; baseline 0.002 -2"><span class='ocrx_word' id='word_1_48' title='bbox 622 1133 713 1195; x_wconf 91' lang='lat'><strong>10.</strong></span> <span class='ocrx_word' id='word_1_49' title='bbox 783 1155 895 1194; x_wconf 89' lang='lat' dir='ltr'><strong>cur</strong></span> <span class='ocrx_word' id='word_1_50' title='bbox 923 1132 1056 1194; x_wconf 86' lang='lat' dir='ltr'><strong>sic?</strong></span> 
     </span>
    </p>

    <p class='ocr_par' dir='ltr' id='par_1_7' title="bbox 621 1233 2279 1321">
     <span class='ocr_line' id='line_1_10' title="bbox 621 1233 2279 1321; baseline 0.001 -25"><span class='ocrx_word' id='word_1_51' title='bbox 621 1235 733 1296; x_wconf 78' lang='lat' dir='ltr'><strong>PE.</strong></span> <span class='ocrx_word' id='word_1_52' title='bbox 781 1236 933 1318; x_wconf 87' lang='lat' dir='ltr'><strong>quia</strong></span> <span class='ocrx_word' id='word_1_53' title='bbox 991 1241 1300 1320; x_wconf 86' lang='lat' dir='ltr'><strong>perpetuo</strong></span> <span class='ocrx_word' id='word_1_54' title='bbox 1358 1233 1533 1296; x_wconf 90' lang='lat' dir='ltr'><strong>domi</strong></span> <span class='ocrx_word' id='word_1_55' title='bbox 1592 1233 1771 1312; x_wconf 78' lang='lat' dir='ltr'><strong>late8‚</strong></span> <span class='ocrx_word' id='word_1_56' title='bbox 1829 1257 1943 1298; x_wconf 93' lang='lat' dir='ltr'><strong>nec</strong></span> <span class='ocrx_word' id='word_1_57' title='bbox 2000 1257 2279 1321; x_wconf 83' lang='lat' dir='ltr'><strong>unquam</strong></span> 
     </span>
    </p>

    <p class='ocr_par' dir='ltr' id='par_1_8' title="bbox 410 1335 2175 1422">
     <span class='ocr_line' id='line_1_11' title="bbox 410 1335 2175 1422; baseline 0.001 -22"><span class='ocrx_word' id='word_1_58' title='bbox 410 1365 468 1400; x_wconf 90' lang='lat'><strong>10</strong></span> <span class='ocrx_word' id='word_1_59' title='bbox 492 1337 793 1422; x_wconf 80' lang='lat' dir='ltr'><strong>prorepiS.</strong></span> <span class='ocrx_word' id='word_1_60' title='bbox 883 1359 1010 1399; x_wconf 93' lang='lat' dir='ltr'><strong>non</strong></span> <span class='ocrx_word' id='word_1_61' title='bbox 1056 1360 1228 1399; x_wconf 89' lang='lat' dir='ltr'><strong>secus</strong></span> <span class='ocrx_word' id='word_1_62' title='bbox 1272 1360 1346 1398; x_wconf 84' lang='lat' dir='ltr'><strong>ac</strong></span> <span class='ocrx_word' id='word_1_63' title='bbox 1390 1335 1652 1399; x_wconf 82' lang='lat' dir='ltr'><strong>claudus</strong></span> <span class='ocrx_word' id='word_1_64' title='bbox 1696 1344 1876 1400; x_wconf 87' lang='lat' dir='ltr'><strong>sutor</strong></span> <span class='ocrx_word' id='word_1_65' title='bbox 1917 1337 2175 1401; x_wconf 75' lang='lat' dir='ltr'><strong>desides,</strong></span> 
     </span>
    </p>

    <p class='ocr_par' dir='ltr' id='par_1_9' title="bbox 489 1438 2283 1730">
     <span class='ocr_line' id='line_1_12' title="bbox 621 1438 2283 1524; baseline 0.001 -24"><span class='ocrx_word' id='word_1_66' title='bbox 621 1440 712 1501; x_wconf 91' lang='lat'><strong>10.</strong></span> <span class='ocrx_word' id='word_1_67' title='bbox 781 1446 878 1502; x_wconf 90' lang='lat' dir='ltr'><strong>est</strong></span> <span class='ocrx_word' id='word_1_68' title='bbox 945 1438 1119 1524; x_wconf 90' lang='lat' dir='ltr'><strong>quod</strong></span> <span class='ocrx_word' id='word_1_69' title='bbox 1187 1462 1375 1523; x_wconf 82' lang='lat' dir='ltr'><strong>agam</strong></span> <span class='ocrx_word' id='word_1_70' title='bbox 1444 1439 1637 1502; x_wconf 93' lang='lat' dir='ltr'><strong>domi.</strong></span> <span class='ocrx_word' id='word_1_71' title='bbox 1736 1440 1889 1503; x_wconf 87' lang='lat' dir='ltr'><strong>foris</strong></span> <span class='ocrx_word' id='word_1_72' title='bbox 1955 1438 2117 1501; x_wconf 90' lang='lat' dir='ltr'>nihil</span> <span class='ocrx_word' id='word_1_73' title='bbox 2186 1447 2283 1516; x_wconf 85' lang='lat' dir='ltr'><strong>est</strong></span> 
     </span>
     <span class='ocr_line' id='line_1_13' title="bbox 493 1541 2282 1626; baseline 0.001 -22"><span class='ocrx_word' id='word_1_74' title='bbox 493 1542 752 1626; x_wconf 86' lang='lat' dir='ltr'><strong>negotii.</strong></span> <span class='ocrx_word' id='word_1_75' title='bbox 843 1548 911 1604; x_wconf 88' lang='lat' dir='ltr'><strong>et</strong></span> <span class='ocrx_word' id='word_1_76' title='bbox 954 1543 1006 1604; x_wconf 88' lang='lat' dir='ltr'><strong>si</strong></span> <span class='ocrx_word' id='word_1_77' title='bbox 1050 1541 1209 1626; x_wconf 90' lang='lat' dir='ltr'><strong>quid</strong></span> <span class='ocrx_word' id='word_1_78' title='bbox 1252 1549 1434 1619; x_wconf 86' lang='lat' dir='ltr'><strong>esset,</strong></span> <span class='ocrx_word' id='word_1_79' title='bbox 1470 1549 1684 1604; x_wconf 82' lang='lat' dir='ltr'><strong>tamen</strong></span> <span class='ocrx_word' id='word_1_80' title='bbox 1730 1543 1850 1604; x_wconf 92' lang='lat' dir='ltr'><strong>hoc</strong></span> <span class='ocrx_word' id='word_1_81' title='bbox 1894 1541 2134 1605; x_wconf 80' lang='lat' dir='ltr'><strong>caelum</strong></span> <span class='ocrx_word' id='word_1_82' title='bbox 2180 1564 2282 1605; x_wconf 92' lang='lat' dir='ltr'><strong>me</strong></span> 
     </span>
     <span class='ocr_line' id='line_1_14' title="bbox 489 1644 1681 1730; baseline 0.002 -22"><span class='ocrx_word' id='word_1_83' title='bbox 489 1645 622 1708; x_wconf 88' lang='lat' dir='ltr'><strong>dies</strong></span> <span class='ocrx_word' id='word_1_84' title='bbox 664 1645 915 1730; x_wconf 82' lang='lat' dir='ltr'><strong>aliquot</strong></span> <span class='ocrx_word' id='word_1_85' title='bbox 957 1668 997 1707; x_wconf 86' lang='lat' dir='ltr'><strong>a</strong></span> <span class='ocrx_word' id='word_1_86' title='bbox 1040 1644 1297 1730; x_wconf 91' lang='lat' dir='ltr'><strong>publico</strong></span> <span class='ocrx_word' id='word_1_87' title='bbox 1339 1645 1681 1710; x_wconf 83' lang='lat' dir='ltr'><strong>cohiberet.</strong></span> 
     </span>
    </p>

    <p class='ocr_par' dir='ltr' id='par_1_10' title="bbox 620 1747 2280 1812">
     <span class='ocr_line' id='line_1_15' title="bbox 620 1747 2280 1812; baseline 0.001 -3"><span class='ocrx_word' id='word_1_88' title='bbox 620 1749 732 1810; x_wconf 79' lang='lat' dir='ltr'><strong>PE.</strong></span> <span class='ocrx_word' id='word_1_89' title='bbox 821 1753 892 1809; x_wconf 84' lang='lat' dir='ltr'><strong>at</strong></span> <span class='ocrx_word' id='word_1_90' title='bbox 931 1769 1098 1810; x_wconf 90' lang='lat' dir='ltr'><strong>nunc</strong></span> <span class='ocrx_word' id='word_1_91' title='bbox 1137 1747 1375 1810; x_wconf 83' lang='lat' dir='ltr'><strong>clarum</strong></span> <span class='ocrx_word' id='word_1_92' title='bbox 1418 1754 1515 1811; x_wconf 91' lang='lat' dir='ltr'><strong>est</strong></span> <span class='ocrx_word' id='word_1_93' title='bbox 1554 1755 1621 1811; x_wconf 88' lang='lat' dir='ltr'><strong>et</strong></span> <span class='ocrx_word' id='word_1_94' title='bbox 1660 1749 1896 1811; x_wconf 84' lang='lat' dir='ltr'><strong>invitat</strong></span> <span class='ocrx_word' id='word_1_95' title='bbox 1935 1747 2019 1812; x_wconf 84' lang='lat' dir='ltr'><strong>ad</strong></span> <span class='ocrx_word' id='word_1_96' title='bbox 2058 1747 2280 1811; x_wconf 87' lang='lat' dir='ltr'><strong>ambu-</strong></span> 
     </span>
    </p>

    <p class='ocr_par' dir='ltr' id='par_1_11' title="bbox 408 1849 769 1922">
     <span class='ocr_line' id='line_1_16' title="bbox 408 1849 769 1922; baseline 0.017 -15"><span class='ocrx_word' id='word_1_97' title='bbox 408 1869 463 1922; x_wconf 83' lang='lat'><strong>15</strong></span> <span class='ocrx_word' id='word_1_98' title='bbox 488 1849 769 1913; x_wconf 87' lang='lat' dir='ltr'><strong>landum.</strong></span> 
     </span>
    </p>

    <p class='ocr_par' dir='ltr' id='par_1_12' title="bbox 617 1953 1817 2031">
     <span class='ocr_line' id='line_1_17' title="bbox 617 1953 1817 2031; baseline 0.001 -15"><span class='ocrx_word' id='word_1_99' title='bbox 617 1955 709 2017; x_wconf 88' lang='lat' dir='ltr'><strong>Io.</strong></span> <span class='ocrx_word' id='word_1_100' title='bbox 779 1956 830 2017; x_wconf 87' lang='lat' dir='ltr'><strong>si</strong></span> <span class='ocrx_word' id='word_1_101' title='bbox 859 1953 1184 2017; x_wconf 85' lang='lat' dir='ltr'><strong>ambulare</strong></span> <span class='ocrx_word' id='word_1_102' title='bbox 1213 1953 1395 2031; x_wconf 89' lang='lat' dir='ltr'><strong>libet,</strong></span> <span class='ocrx_word' id='word_1_103' title='bbox 1426 1977 1555 2016; x_wconf 93' lang='lat' dir='ltr'><strong>non</strong></span> <span class='ocrx_word' id='word_1_104' title='bbox 1584 1976 1817 2017; x_wconf 87' lang='lat' dir='ltr'><strong>recuso.</strong></span> 
     </span>
    </p>

    <p class='ocr_par' dir='ltr' id='par_1_13' title="bbox 619 2055 1959 2141">
     <span class='ocr_line' id='line_1_18' title="bbox 619 2055 1959 2141; baseline 0.001 -23"><span class='ocrx_word' id='word_1_105' title='bbox 619 2057 732 2118; x_wconf 84' lang='lat' dir='ltr'><strong>PE.</strong></span> <span class='ocrx_word' id='word_1_106' title='bbox 779 2055 967 2141; x_wconf 83' lang='lat' dir='ltr'><strong>plane</strong></span> <span class='ocrx_word' id='word_1_107' title='bbox 997 2055 1250 2119; x_wconf 86' lang='lat' dir='ltr'><strong>videtur</strong></span> <span class='ocrx_word' id='word_1_108' title='bbox 1277 2056 1400 2118; x_wconf 91' lang='lat' dir='ltr'><strong>hoc</strong></span> <span class='ocrx_word' id='word_1_109' title='bbox 1428 2055 1734 2118; x_wconf 90' lang='lat' dir='ltr'><strong>utendum</strong></span> <span class='ocrx_word' id='word_1_110' title='bbox 1769 2055 1959 2120; x_wconf 77' lang='lat' dir='ltr'><strong>caelo,</strong></span> 
     </span>
    </p>

    <p class='ocr_par' dir='ltr' id='par_1_14' title="bbox 618 2156 2139 2222">
     <span class='ocr_line' id='line_1_19' title="bbox 618 2156 2139 2222; baseline 0 -2"><span class='ocrx_word' id='word_1_111' title='bbox 618 2160 710 2222; x_wconf 90' lang='lat'><strong>10.</strong></span> <span class='ocrx_word' id='word_1_112' title='bbox 778 2156 1210 2221; x_wconf 83' lang='lat' dir='ltr'><strong>adsciscendus</strong></span> <span class='ocrx_word' id='word_1_113' title='bbox 1239 2164 1336 2219; x_wconf 90' lang='lat' dir='ltr'><strong>est</strong></span> <span class='ocrx_word' id='word_1_114' title='bbox 1366 2179 1529 2219; x_wconf 89' lang='lat' dir='ltr'><strong>unus</strong></span> <span class='ocrx_word' id='word_1_115' title='bbox 1556 2163 1673 2219; x_wconf 84' lang='lat' dir='ltr'><strong>aut</strong></span> <span class='ocrx_word' id='word_1_116' title='bbox 1700 2156 1865 2220; x_wconf 82' lang='lat' dir='ltr'><strong>alter</strong></span> <span class='ocrx_word' id='word_1_117' title='bbox 1890 2156 2139 2222; x_wconf 78' lang='lat' dir='ltr'><strong>sodalis,</strong></span> 
     </span>
    </p>

    <p class='ocr_par' dir='ltr' id='par_1_15' title="bbox 619 2258 1876 2344">
     <span class='ocr_line' id='line_1_20' title="bbox 619 2258 1876 2344; baseline -0.001 -20"><span class='ocrx_word' id='word_1_118' title='bbox 619 2262 732 2324; x_wconf 74' lang='lat' dir='ltr'><strong>PE.</strong></span> <span class='ocrx_word' id='word_1_119' title='bbox 779 2261 910 2339; x_wconf 87' lang='lat' dir='ltr'><strong>fiet,</strong></span> <span class='ocrx_word' id='word_1_120' title='bbox 939 2259 1287 2323; x_wconf 89' lang='lat' dir='ltr'><strong>dummodo</strong></span> <span class='ocrx_word' id='word_1_121' title='bbox 1315 2258 1489 2322; x_wconf 79' lang='lat' dir='ltr'><strong>dicas</strong></span> <span class='ocrx_word' id='word_1_122' title='bbox 1517 2281 1677 2344; x_wconf 84' lang='lat' dir='ltr'><strong>quos</strong></span> <span class='ocrx_word' id='word_1_123' title='bbox 1706 2258 1876 2323; x_wconf 79' lang='lat' dir='ltr'><strong>veliS.</strong></span> 
     </span>
    </p>

    <p class='ocr_par' dir='ltr' id='par_1_16' title="bbox 387 2361 1567 2450">
     <span class='ocr_line' id='line_1_21' title="bbox 387 2361 1567 2450; baseline -0.006 -21"><span class='ocrx_word' id='word_1_124' title='bbox 387 2393 450 2429; x_wconf 84' lang='lat'><strong>20</strong></span> <span class='ocrx_word' id='word_1_125' title='bbox 619 2365 710 2427; x_wconf 91' lang='lat'><strong>10.</strong></span> <span class='ocrx_word' id='word_1_126' title='bbox 779 2361 936 2446; x_wconf 90' lang='lat' dir='ltr'><strong>quid</strong></span> <span class='ocrx_word' id='word_1_127' title='bbox 966 2362 1016 2423; x_wconf 84' lang='lat' dir='ltr'><strong>si</strong></span> <span class='ocrx_word' id='word_1_128' title='bbox 1050 2363 1443 2445; x_wconf 85' lang='lat' dir='ltr'><strong>Hugonem?</strong></span> <span class='ocrx_word' id='word_1_129' title='bbox 1563 2447 1567 2450; x_wconf 22' lang='grc' dir='ltr'>Ι</span> 
     </span>
    </p>

    <p class='ocr_par' dir='ltr' id='par_1_17' title="bbox 489 2463 2281 2653">
     <span class='ocr_line' id='line_1_22' title="bbox 620 2463 2281 2549; baseline -0.001 -21"><span class='ocrx_word' id='word_1_130' title='bbox 620 2467 733 2529; x_wconf 76' lang='lat' dir='ltr'><strong>PE.</strong></span> <span class='ocrx_word' id='word_1_131' title='bbox 780 2464 953 2527; x_wconf 83' lang='lat' dir='ltr'><strong>haud</strong></span> <span class='ocrx_word' id='word_1_132' title='bbox 994 2463 1267 2527; x_wconf 83' lang='lat' dir='ltr'><strong>multum</strong></span> <span class='ocrx_word' id='word_1_133' title='bbox 1308 2464 1573 2528; x_wconf 86' lang='lat' dir='ltr'><strong>interest</strong></span> <span class='ocrx_word' id='word_1_134' title='bbox 1615 2464 1785 2528; x_wconf 88' lang='lat' dir='ltr'><strong>inter</strong></span> <span class='ocrx_word' id='word_1_135' title='bbox 1824 2465 2165 2549; x_wconf 85' lang='lat' dir='ltr'><strong>Hugonem</strong></span> <span class='ocrx_word' id='word_1_136' title='bbox 2210 2470 2281 2527; x_wconf 90' lang='lat' dir='ltr'><strong>et</strong></span> 
     </span>
     <span class='ocr_line' id='line_1_23' title="bbox 489 2590 827 2653; baseline -0.003 -21"><span class='ocrx_word' id='word_1_137' title='bbox 489 2590 827 2653; x_wconf 87' lang='lat' dir='ltr'><strong>nugonem.</strong></span> 
     </span>
    </p>

    <p class='ocr_par' dir='ltr' id='par_1_18' title="bbox 620 2668 1173 2754">
     <span class='ocr_line' id='line_1_24' title="bbox 620 2668 1173 2754; baseline -0.002 -22"><span class='ocrx_word' id='word_1_138' title='bbox 620 2672 711 2733; x_wconf 91' lang='lat'><strong>10.</strong></span> <span class='ocrx_word' id='word_1_139' title='bbox 780 2692 919 2753; x_wconf 82' lang='lat' dir='ltr'><strong>age,</strong></span> <span class='ocrx_word' id='word_1_140' title='bbox 948 2668 1173 2754; x_wconf 85' lang='lat' dir='ltr'><strong>placet.</strong></span> 
     </span>
    </p>

    <p class='ocr_par' dir='ltr' id='par_1_19' title="bbox 621 2770 1380 2856">
     <span class='ocr_line' id='line_1_25' title="bbox 621 2770 1380 2856; baseline -0.003 -21"><span class='ocrx_word' id='word_1_141' title='bbox 621 2775 735 2836; x_wconf 65' lang='lat' dir='ltr'><strong>Pa.</strong></span> <span class='ocrx_word' id='word_1_142' title='bbox 781 2770 939 2856; x_wconf 92' lang='lat' dir='ltr'><strong>quid</strong></span> <span class='ocrx_word' id='word_1_143' title='bbox 967 2772 1018 2833; x_wconf 87' lang='lat' dir='ltr'><strong>si</strong></span> <span class='ocrx_word' id='word_1_144' title='bbox 1048 2770 1328 2833; x_wconf 85' lang='lat' dir='ltr'><strong>Alanum</strong></span> <span class='ocrx_word' id='word_1_145' title='bbox 1352 2774 1380 2833; x_wconf 75' lang='grc' dir='ltr'><strong><em>Ρ</em></strong></span> 
     </span>
    </p>

    <p class='ocr_par' dir='ltr' id='par_1_20' title="bbox 388 2873 2278 3162">
     <span class='ocr_line' id='line_1_26' title="bbox 388 2873 1645 2952; baseline 0 -14"><span class='ocrx_word' id='word_1_146' title='bbox 388 2901 450 2952; x_wconf 85' lang='lat'><strong>25</strong></span> <span class='ocrx_word' id='word_1_147' title='bbox 621 2876 713 2937; x_wconf 91' lang='lat'><strong>10.</strong></span> <span class='ocrx_word' id='word_1_148' title='bbox 780 2873 972 2935; x_wconf 89' lang='lat' dir='ltr'><strong>homo</strong></span> <span class='ocrx_word' id='word_1_149' title='bbox 1002 2874 1259 2935; x_wconf 89' lang='lat' dir='ltr'><strong>minime</strong></span> <span class='ocrx_word' id='word_1_150' title='bbox 1289 2879 1504 2935; x_wconf 88' lang='lat' dir='ltr'><strong>mutus</strong></span> <span class='ocrx_word' id='word_1_151' title='bbox 1532 2879 1645 2938; x_wconf 84' lang='lat' dir='ltr'><strong>est.</strong></span> 
     </span>
     <span class='ocr_line' id='line_1_27' title="bbox 622 2973 1979 3059; baseline -0.001 -20"><span class='ocrx_word' id='word_1_152' title='bbox 622 2978 733 3040; x_wconf 74' lang='lat' dir='ltr'><strong>PE.</strong></span> <span class='ocrx_word' id='word_1_153' title='bbox 783 2974 834 3037; x_wconf 90' lang='lat' dir='ltr'><strong>si</strong></span> <span class='ocrx_word' id='word_1_154' title='bbox 865 2973 1136 3051; x_wconf 90' lang='lat' dir='ltr'><strong>videtur,</strong></span> <span class='ocrx_word' id='word_1_155' title='bbox 1168 2975 1517 3037; x_wconf 87' lang='lat' dir='ltr'><strong>Henricum</strong></span> <span class='ocrx_word' id='word_1_156' title='bbox 1548 2974 1979 3059; x_wconf 77' lang='lat' dir='ltr'><strong>adiungemus·</strong></span> 
     </span>
     <span class='ocr_line' id='line_1_28' title="bbox 620 3076 2278 3162; baseline -0.002 -18"><span class='ocrx_word' id='word_1_157' title='bbox 620 3082 714 3144; x_wconf 89' lang='lat'><strong>10.</strong></span> <span class='ocrx_word' id='word_1_158' title='bbox 782 3080 834 3142; x_wconf 88' lang='lat' dir='ltr'><strong>si</strong></span> <span class='ocrx_word' id='word_1_159' title='bbox 906 3076 1169 3140; x_wconf 83' lang='lat' dir='ltr'><strong>dabitur</strong></span> <span class='ocrx_word' id='word_1_160' title='bbox 1239 3076 1410 3139; x_wconf 85' lang='lat' dir='ltr'><strong>illius</strong></span> <span class='ocrx_word' id='word_1_161' title='bbox 1481 3077 1684 3162; x_wconf 83' lang='lat' dir='ltr'><strong>copia,</strong></span> <span class='ocrx_word' id='word_1_162' title='bbox 1757 3098 2083 3161; x_wconf 85' lang='lat' dir='ltr'><strong>nunquam</strong></span> <span class='ocrx_word' id='word_1_163' title='bbox 2154 3078 2278 3141; x_wconf 90' lang='lat' dir='ltr'><strong>erit</strong></span> 
     </span>
    </p>
   </div>
   <div class='ocr_carea' id='block_1_3' title="bbox 395 3175 2279 3467">
    <p class='ocr_par' dir='ltr' id='par_1_21' title="bbox 395 3175 2279 3467">
     <span class='ocr_line' id='line_1_29' title="bbox 492 3175 2279 3265; baseline -0.002 -19"><span class='ocrx_word' id='word_1_164' title='bbox 492 3182 850 3247; x_wconf 83' lang='lat' dir='ltr'><strong>fabularum</strong></span> <span class='ocrx_word' id='word_1_165' title='bbox 902 3179 1136 3265; x_wconf 84' lang='lat' dir='ltr'><strong>inopia.</strong></span> <span class='ocrx_word' id='word_1_166' title='bbox 1226 3177 1483 3263; x_wconf 81' lang='lat' dir='ltr'><strong>placent</strong></span> <span class='ocrx_word' id='word_1_167' title='bbox 1533 3175 1813 3251; x_wconf 86' lang='lat' dir='ltr'><strong>sodales;</strong></span> <span class='ocrx_word' id='word_1_168' title='bbox 1870 3184 2153 3265; x_wconf 83' lang='lat' dir='ltr'><strong>superest</strong></span> <span class='ocrx_word' id='word_1_169' title='bbox 2202 3185 2279 3242; x_wconf 91' lang='lat' dir='ltr'><strong>ut</strong></span> 
     </span>
     <span class='ocr_line' id='line_1_30' title="bbox 494 3282 1416 3367; baseline -0.004 -23"><span class='ocrx_word' id='word_1_170' title='bbox 494 3284 701 3346; x_wconf 91' lang='lat' dir='ltr'><strong>locum</strong></span> <span class='ocrx_word' id='word_1_171' title='bbox 746 3282 1016 3367; x_wconf 83' lang='lat' dir='ltr'><strong>reperias</strong></span> <span class='ocrx_word' id='word_1_172' title='bbox 1060 3300 1416 3341; x_wconf 85' lang='lat' dir='ltr'><strong>amoenum.</strong></span> 
     </span>
     <span class='ocr_line' id='line_1_31' title="bbox 395 3379 2278 3467; baseline -0.001 -20"><span class='ocrx_word' id='word_1_173' title='bbox 395 3411 457 3460; x_wconf 87' lang='lat'><strong>30</strong></span> <span class='ocrx_word' id='word_1_174' title='bbox 624 3387 736 3449; x_wconf 76' lang='lat' dir='ltr'><strong>PE.</strong></span> <span class='ocrx_word' id='word_1_175' title='bbox 782 3408 899 3467; x_wconf 82' lang='lat' dir='ltr'><strong>ego</strong></span> <span class='ocrx_word' id='word_1_176' title='bbox 952 3405 1097 3445; x_wconf 89' lang='lat' dir='ltr'><strong>vero</strong></span> <span class='ocrx_word' id='word_1_177' title='bbox 1154 3380 1277 3444; x_wconf 85' lang='lat' dir='ltr'><strong>tibi</strong></span> <span class='ocrx_word' id='word_1_178' title='bbox 1334 3380 1542 3441; x_wconf 91' lang='lat' dir='ltr'><strong>locum</strong></span> <span class='ocrx_word' id='word_1_179' title='bbox 1602 3379 1951 3458; x_wconf 84' lang='lat' dir='ltr'><strong>ostendam,</strong></span> <span class='ocrx_word' id='word_1_180' title='bbox 1995 3380 2105 3444; x_wconf 91' lang='lat' dir='ltr'><strong>ubi</strong></span> <span class='ocrx_word' id='word_1_181' title='bbox 2164 3405 2278 3446; x_wconf 89' lang='lat' dir='ltr'><strong>nec</strong></span> 
     </span>
    </p>
   </div>
  </div>
 </body>
</html>
