2705 3881
659 187 817 264 The
865 186 1124 264 Abbot
1172 190 1334 264 and
1380 189 1500 266 the
1550 188 1860 266 learned
1906 190 2085 288 lady
2171 203 2266 269 39

608 375 746 437 ΜΑ.
794 394 947 458 ergo
975 380 1052 436 tu
1082 371 1314 458 probas
1343 394 1448 435 eos
1476 373 1590 457 qui
1615 373 1841 436 vivunt
1871 373 2056 451 male,
2076 374 2266 438 modo

475 476 797 540 suaviter?

604 582 733 645 An.
794 580 1075 644 arbitror
1144 579 1287 644 illos
1360 579 1521 645 bene
1584 579 1790 644 vivere
1861 581 1974 666 qui
2040 581 2265 646 vivunt

475 684 766 748 suaviter.

602 787 743 851 MA.
790 785 900 849 sed
956 785 1082 850 ista
1140 786 1419 850 suavitas
1475 786 1645 850 unde
1702 784 2165 873 proficiscitur?
2212 782 2263 850 'e
2290 818 2317 870 5

474 889 658 954 rebus
701 889 1017 953 extraneis
1060 912 1144 953 an
1187 912 1266 954 ex
1309 891 1571 953 animo?

602 996 730 1058 AN.
793 1017 828 1057 e
856 994 1042 1058 rebus
1071 995 1405 1057 extraneis

603 1097 742 1160 MA.
791 1119 830 1159 o
869 1094 1166 1159 subtilem
1205 1094 1557 1172 Abbatem,
1592 1095 1703 1159 sed
1741 1118 2015 1160 crassum
2054 1096 2261 1182 philo-

471 1200 782 1286 sophum!
868 1198 972 1277 dic
1044 1198 1223 1276 mihi,
1296 1198 1529 1284 quibus
1608 1197 1794 1263 rebus
1864 1207 1943 1264 tu
2023 1201 2265 1266 metiris

472 1304 900 1367 suavitatem?
2293 1329 2354 1366 10

599 1410 728 1472 AN.
791 1430 1033 1485 somn0,
1077 1405 1402 1483 conviviiS‚
1438 1404 1740 1470 libertate
1782 1405 2053 1470 faciendi
2098 1430 2261 1494 quae

473 1510 643 1591 veli8‚
687 1512 975 1599 pecunia,
1020 1510 1387 1575 honoribus·

603 1619 739 1681 MA.
787 1639 1024 1695 verum,
1093 1615 1145 1679 si
1218 1615 1358 1679 istis
1437 1614 1622 1679 rebus
1691 1616 1865 1679 Deus
1939 1614 2259 1681 addiderit

470 1720 870 1808 sapientiam,
913 1741 1065 1781 num
1113 1718 1281 1780 vives
1324 1718 1648 1782 suaviter?

597 1825 727 1887 AN.
788 1819 945 1907 quid
973 1819 1256 1907 appellas
1284 1819 1710 1905 sapientiam?
2290 1840 2344 1892 15

598 1929 737 1990 MA.
786 1927 907 1991 hoc
935 1933 1051 2003 est,
1082 1926 1133 1988 si
1175 1924 1569 2009 intellegeres
1609 1924 1931 1988 hominem
1971 1948 2097 1989 non
2129 1948 2257 1989 esse

468 2031 733 2110 felicem,
785 2031 905 2094 nisi
956 2030 1141 2094 bonis
1198 2030 1438 2106 animi;
1501 2053 1672 2115 opeS,
1722 2029 2011 2109 honoreS,
2060 2052 2257 2115 genus

468 2159 671 2223 neque
711 2133 1052 2199 feliciorem
1098 2133 1357 2198 reddere
1400 2156 1604 2219 neque
1648 2133 1987 2197 meliorem.

596 2241 723 2304 AN.
788 2237 996 2301 valeat
1023 2238 1150 2301 ista
1176 2236 1433 2322 quidem
1465 2237 1794 2323 sapientia.

595 2342 737 2406 MA.
784 2340 941 2425 quid
987 2340 1039 2403 si
1085 2340 1241 2402 mihi
1285 2340 1539 2403 suavius
1587 2341 1711 2404 erit
1759 2339 1965 2423 legere
2014 2338 2254 2403 bonum
2281 2364 2346 2400 20

465 2452 810 2524 auctorem,
837 2467 1032 2531 quam
1073 2443 1195 2507 tibi
1227 2444 1466 2521 venari,
1496 2450 1741 2530 potare,
1771 2443 1988 2508 ludere
2025 2443 2252 2523 aleam,

466 2567 594 2609 non
626 2546 887 2610 videbor
914 2546 1037 2610 tibi
1067 2547 1345 2609 suaviter
1374 2547 1624 2609 vivere?

597 2653 723 2715 AN.
785 2672 904 2735 ego
932 2672 1059 2712 non
1092 2649 1379 2712 viverem.

594 2754 734 2816 MA.
782 2775 910 2814 non
940 2774 1175 2838 quaero
1203 2750 1363 2836 quid
1392 2749 1515 2814 tibi
1546 2752 1632 2814 sit
1659 2750 2117 2830 suavissimum,
2145 2752 2254 2817 sed

466 2854 622 2942 quid
651 2854 910 2919 deberet
938 2877 1067 2918 esse
1096 2876 1303 2918 suave.
2280 2872 2340 2925 25

591 2961 723 3022 AN.
783 2979 902 3042 ego
930 2956 1127 3019 nolim
1159 2979 1329 3019 meos
1362 2959 1701 3021 monachos
1729 2959 2090 3044 frequentes
2124 2984 2252 3025 esse

465 3060 534 3123 in
561 3059 757 3125 libris.

593 3162 732 3224 MA.
778 3167 850 3223 at
909 3181 1081 3223 meus
1140 3160 1407 3223 maritus
1473 3159 1595 3223 hoc
1658 3163 1930 3247 maxime
1995 3163 2247 3249 probat.

464 3263 572 3326 sed
621 3284 814 3347 quam
873 3259 959 3325 ob
1017 3283 1148 3325 rem
1209 3260 1467 3324 tandem
1529 3284 1656 3324 non
1714 3264 1946 3349 probas
2004 3267 2125 3329 hoc
2183 3269 2245 3330 in

465 3364 785 3427 monachis
829 3364 1003 3426 tuis?
2276 3390 2341 3439 30
