2705 3881
499 255 545 320 4
1255 239 1533 314 Tenuis
1619 293 1636 306 .

625 425 737 487 HI.
784 431 861 487 tu
889 432 1102 487 tamen
1134 446 1232 487 me
1262 423 1450 507 longe
1480 424 1747 509 peritior
1774 447 1854 488 es,

621 526 725 588 N1.
780 527 1067 610 quamvis
1097 527 1235 602 sim,
1265 534 1341 589 tu
1371 526 1631 593 felicior.

620 628 685 690 H
694 648 735 692 1.
779 626 971 689 etiam
1003 628 1107 689 hic
1139 628 1305 689 valet
1333 629 1666 692 Fortuna?

620 730 724 794 NJ.
781 728 894 792 illa
922 750 1232 814 nusquam
1264 752 1394 793 non
1423 739 1668 816 regnat.

437 860 465 910 5
623 833 737 895 H1.
783 854 923 916 age,
990 832 1106 895 fiat
1172 833 1447 897 sortitio,
1551 856 1729 918 euge,
1789 835 1948 899 bene
2015 834 2281 911 cecidit;

494 936 787 1019 contigit,
831 957 1018 1019 quem
1065 935 1376 1012 volebam,
1422 936 1806 1001 Vincentius,

620 1039 724 1101 N1.
779 1046 846 1102 et
874 1061 988 1101 nos
1015 1040 1216 1102 nostri
1248 1038 1533 1102 sodalicii
1563 1062 1690 1102 non
1721 1040 2026 1127 paenitet.

621 1142 735 1204 H1.
782 1163 919 1225 age,
993 1141 1186 1204 simus
1251 1141 1388 1205 viri.
1479 1150 1656 1206 amat
1713 1143 1981 1206 victoria
2045 1166 2280 1208 curam.

491 1266 670 1307 suum
702 1243 970 1329 quisque
1004 1243 1211 1307 locum
1252 1250 1530 1309 tueatur.
1621 1267 1740 1329 ego
1779 1246 1900 1308 reti
1940 1244 2281 1321 adsistam3

410 1379 468 1414 10
491 1356 568 1412 tu
606 1348 764 1412 mihi
804 1348 1074 1410 consiste
1112 1369 1154 1410 a
1189 1354 1394 1431 terge,
1425 1353 1801 1432 excepturus
1839 1347 2060 1432 pilam,
2088 1348 2139 1409 si
2182 1369 2282 1409 me

491 1449 931 1512 transvolabit.

623 1554 715 1615 V1.
774 1574 854 1614 ne
911 1573 1126 1615 musca
1181 1552 1439 1637 quidem
1507 1554 1627 1616 hac
1685 1553 2107 1618 transvolabit
2164 1554 2279 1616 im-

493 1677 680 1741 pune.

624 1760 740 1822 H1.
788 1760 976 1823 mitte
1003 1759 1200 1845 pilam
1231 1760 1299 1823 in
1326 1766 1588 1824 tectum.

410 1892 468 1947 15
624 1861 730 1925 Nl.
783 1861 950 1939 hem,
978 1862 1209 1949 accipe.

625 1965 739 2028 H1.
788 1966 839 2027 si
871 1966 1109 2029 miseris
1148 1965 1317 2029 infra
1356 1988 1625 2052 suprave
1662 1973 1904 2030 tectum
1945 1973 2061 2029 aut
2100 1973 2285 2029 extra

493 2068 712 2146 lineas,
785 2067 962 2131 vobis
1033 2067 1269 2131 damno
1340 2068 1555 2133 fuerit.
1683 2075 1761 2132 tu
1837 2092 1986 2133 sane
2055 2092 2280 2156 parum

493 2171 822 2234 commode
867 2171 1091 2236 mittis.

621 2274 727 2337 N1.
783 2273 907 2338 tibi
937 2274 1192 2360 quidem
1217 2302 1234 2349 ς
1277 2282 1350 2339 at
1378 2273 1563 2337 nobis
1590 2274 1935 2339 commode.

410 2414 473 2450 20
625 2379 743 2442 H1.
786 2384 864 2440 ut
893 2376 1151 2455 miseriS‚
1174 2377 1269 2441 ita
1290 2378 1634 2442 remittam.
1695 2400 1815 2463 par
1835 2378 1974 2463 pari
1996 2377 2277 2441 referam.

495 2481 603 2545 sed
630 2488 916 2567 praestat
944 2481 1214 2565 ingenue
1243 2480 1652 2566 legitimeque
1677 2479 1916 2545 ludere.

630 2584 736 2648 N1.
785 2584 851 2646 in
880 2583 1035 2647 ludo
1064 2583 1399 2669 pulchrum
1430 2591 1526 2647 est
1553 2592 1692 2648 arte
1722 2585 1984 2648 vincere.

625 2688 739 2750 H1.
785 2686 1029 2760 fateor;
1078 2693 1274 2771 atque
1316 2686 1513 2749 etiarn
1549 2686 1617 2749 in
1661 2685 1849 2750 bello·
1939 2686 2048 2750 sed
2086 2686 2283 2751 habet

495 2796 767 2875 utraque
807 2810 908 2850 ars
950 2810 1092 2850 suas
1135 2788 1319 2873 leges.
1410 2796 1479 2852 et
1520 2795 1673 2851 sunt
1714 2794 1882 2851 artes
1925 2788 2277 2853 illiberales

411 2934 470 2985 25
623 2891 730 2953 N1.
781 2911 993 2953 rursus
1020 2891 1233 2976 accipe
1260 2889 1476 2976 pilam.

624 2993 739 3056 H1.
785 3014 964 3077 euge,
1003 2991 1264 3055 vicimus
1301 2991 1681 3078 quindecim.
1771 2993 1945 3072 heUS,
1985 2992 2284 3079 praebete

494 3117 605 3158 vos
649 3094 830 3158 viros,
921 3094 1266 3157 viceramus
1302 3102 1372 3158 et
1409 3094 1533 3172 hic,
1573 3094 1626 3157 si
1670 3099 1767 3173 tu,
1809 3094 2124 3170 Vincenti,
2168 3101 2283 3157 tuo

495 3196 878 3260 constitisses
921 3194 1079 3259 loco.
1168 3217 1383 3259 sumus
1426 3196 1628 3280 igitur
1670 3217 1869 3281 pares.

623 3298 729 3361 N1.
782 3317 912 3358 non
934 3295 1065 3359 diu.
1134 3296 1397 3360 vicimus
1419 3298 1710 3382 triginta,
1730 3298 1991 3360 vicimus
2011 3295 2282 3382 quadra-

414 3430 476 3478 30
496 3417 698 3482 glnta.
