2705 3881
478 241 571 307 20
971 230 1032 303 I
1025 256 1170 305 oms
1218 230 1302 305 in
1359 231 1752 330 Germdny
1845 332 1848 333 ⁷

602 415 725 480 Gn.
775 418 1040 492 Romae,
1060 413 1382 491 Lutetiae,
1395 414 1693 477 Venetiae
1712 438 1898 480 nemo
1916 418 2271 505 quidquam

477 517 762 583 miratur.

598 621 714 683 ΒΕ.
771 623 946 685 nefas
992 629 1090 686 est
1140 622 1400 685 interim
1451 620 1577 685 tibi
1629 620 1979 707 quidquam
2034 631 2267 710 petere.

470 721 581 787 ubi
627 723 754 786 iam
800 722 1006 786 multa
1049 730 1146 787 est
1190 746 1469 808 vespera,
1513 746 1628 786 nec
1670 732 2008 807 sperantur
2056 724 2269 812 plures

416 852 443 905 5
470 826 774 910 hospites,
802 823 1022 910 prodit
1064 824 1339 888 famulus
1380 847 1589 903 senex,
1625 825 1827 890 barba
1866 850 2043 906 cana,
2084 835 2270 891 tonso

469 929 700 1015 capite,
753 928 937 990 vultu
996 935 1201 1006 torm,
1261 925 1519 990 sordido
1579 928 1834 993 vestitu.
1924 930 1978 993 is
2036 932 2270 995 tacitus

471 1037 764 1094 numerat
842 1036 1006 1115 quot
1084 1030 1215 1093 sint
1294 1031 1362 1092 in
1449 1030 1746 1095 tricliniO.
1851 1054 1981 1117 quo
2060 1033 2271 1119 plures

470 1142 683 1206 adesse
753 1141 949 1219 videt,
1009 1165 1084 1205 eo
1149 1142 1583 1205 vehementior
1648 1142 2017 1207 accenditur
2084 1145 2266 1229 ignis,

470 1246 623 1309 haec
666 1244 839 1331 apud
885 1244 1026 1308 illos
1070 1245 1414 1331 praecipua
1458 1267 1606 1331 pars
1648 1252 1747 1309 est
1784 1244 1989 1309 bonae
2032 1252 2267 1310 tracta-

388 1373 447 1408 10
470 1348 683 1412 tionis,
774 1348 826 1409 si
866 1347 1009 1432 quis
1047 1369 1176 1410 non
1217 1354 1503 1410 assuetus
1534 1348 1754 1433 vapori
1794 1349 2004 1434 aperit
2042 1351 2267 1413 rimam

470 1451 800 1528 fenestrae,
852 1451 1147 1537 protinus
1197 1450 1385 1515 audit
1435 1455 1456 1487 ‘
1473 1450 1736 1515 claude.'
1822 1454 1875 1515 si
1933 1452 2270 1538 respondes

474 1559 494 1591 ‘
513 1577 641 1617 non
670 1554 845 1630 fero,'
873 1552 1056 1616 audis
1078 1559 1340 1637 ‘quaere
1371 1553 1572 1638 igitur
1598 1553 1777 1617 aliud
1806 1553 2271 1619 deversorium.'

476 1664 623 1741 post
680 1656 848 1719 redit
906 1655 1013 1719 ille
1071 1654 1379 1720 barbatus
1439 1655 1859 1742 GanymedeS‚
1919 1680 1993 1720 ac
2056 1657 2270 1721 linteis

477 1759 707 1822 sternit
753 1781 1010 1821 mensas.
1102 1757 1361 1821 carbasa
1410 1757 1645 1822 diceres
1690 1781 1769 1823 ex
1820 1761 2115 1822 antennis
2160 1758 2267 1822 de-

395 1888 453 1942 15
479 1867 704 1926 tracta.
821 1861 1104 1925 destinat
1184 1863 1413 1949 cuique
1492 1885 1740 1926 mensae
1817 1864 2113 1926 convivas
2192 1869 2271 1925 ut

480 1967 811 2030 minimum
842 1972 1007 2029 octo.
1101 1966 1227 2029 iam
1250 1967 1483 2051 quibus
1512 1973 1611 2030 est
1637 1974 1828 2029 notus
1857 1989 1992 2029 mos
2021 1966 2268 2050 patrius

477 2068 861 2132 accumbunt
910 2066 1023 2130 ubi
1075 2069 1301 2153 cuique
1351 2068 1531 2132 libet.
1622 2068 1868 2131 nullum
1919 2069 2087 2131 enim
2139 2067 2265 2131 dis-

478 2172 711 2235 crimen
752 2171 920 2232 inter
958 2191 1299 2255 pauperem
1339 2176 1408 2231 et
1445 2168 1733 2245 divitem,
1768 2171 1936 2232 inter
1973 2192 2148 2232 erum
2193 2192 2268 2233 ac

479 2273 807 2337 famulum.

394 2406 456 2443 20
607 2377 730 2439 Gn.
779 2375 932 2437 haec
971 2380 1067 2436 est
1108 2373 1219 2436 illa
1249 2380 1429 2436 vetus
1467 2371 1842 2457 aequalitas,
1868 2394 2060 2457 quam
2100 2394 2267 2435 nunc

480 2500 515 2541 e
558 2478 695 2539 vita
738 2475 1061 2539 submovit
1103 2475 1409 2560 tyranniS.

611 2580 726 2641 ΒΕ.
781 2584 1121 2663 postquam
1153 2575 1585 2639 accubuerunt
1614 2598 1850 2653 omneS,
1878 2597 2088 2638 rursus
2123 2597 2267 2660 pro-

482 2681 585 2745 dit
612 2687 830 2743 torvus
860 2678 967 2741 ille
997 2677 1434 2763 Ganymedes;
1479 2677 1751 2763 apponit
1789 2676 2051 2760 singulis
2088 2677 2268 2761 pina-

483 2785 650 2848 cium
679 2782 982 2867 ligneum,
1013 2780 1240 2844 deinde
1269 2780 1569 2866 poculum
1600 2782 1903 2854 vitreum3
1937 2779 2270 2864 aliquanto

397 2917 458 2969 25
485 2893 631 2972 post
703 2906 951 2969 panem.
1061 2883 1158 2946 ita
1224 2904 1683 2966 nonnunquam
1751 2880 2005 2944 sedetur
2076 2881 2270 2944 ferme

485 2991 727 3054 horam.

615 3092 737 3155 Gn.
785 3112 970 3153 nemo
1000 3088 1325 3174 hospitum
1358 3087 1613 3150 interim
1643 3085 1897 3170 flagitat
1927 3085 2186 3149 cibum?

617 3197 734 3259 ΒΕ.
787 3216 973 3257 nemo
1029 3193 1130 3255 cui
1182 3198 1409 3255 notum
1460 3198 1557 3254 est
1605 3190 1878 3273 regionis
1929 3189 2270 3273 ingenium.

488 3298 749 3363 tandem
809 3297 1160 3381 apponitur
1216 3295 1453 3357 vinum.
1544 3314 1694 3355 mox
1752 3313 1982 3374 magna
2037 3312 2276 3376 pompa

405 3435 468 3483 30
495 3402 757 3465 veniunt
815 3399 990 3466 disci.
1079 3398 1320 3485 primus
1378 3395 1573 3458 ferme
1628 3393 1827 3462 habet
1884 3392 2038 3456 offas
2092 3393 2275 3479 panis
