2705 3881
888 171 950 247 I
943 172 1387 273 mpressions
1438 173 1541 273 qs
1573 174 1882 250 France
2195 187 2233 253 1
2247 187 2282 252 1

617 357 719 422 L1.
789 357 988 421 immo
1039 381 1168 421 non
1215 359 1449 423 desunt
1508 358 1980 422 contionatores
2039 360 2151 443 qui
2203 360 2288 423 ad

486 462 603 524 hos
646 460 964 524 tumultus
1008 460 1307 524 bellicum
1356 451 1606 525 canant.

616 564 738 627 GE.
787 563 943 627 istos
972 564 1093 648 ego
1122 571 1467 628 statuerem
1499 564 1566 627 in
1598 565 1805 651 prima
1833 565 1985 629 acie.

614 669 719 733 L1.-
786 675 857 731 at
887 667 981 730 illi
1012 668 1133 731 sibi
1165 675 1392 731 cavent
1423 668 1489 730 in
1520 669 1758 732 castriS.

614 772 736 836 GE.
786 771 910 836 ista
971 772 1231 858 publica
1289 772 1440 835 fatis
1499 771 1780 835 curanda
1836 773 2281 859 relinquamus,
2316 805 2343 857 5

485 883 634 940 tuae
678 899 773 939 res
818 898 946 961 quo
991 875 1253 939 tandem
1298 875 1366 938 in
1410 882 1587 939 statu
1632 879 1828 938 sunt?

613 981 714 1044 L1.
785 981 998 1065 peiore
1029 980 1096 1042 in
1126 979 1267 1042 loco
1297 979 1629 1063 negotium
1660 1001 1789 1042 non
1820 986 2036 1063 potest
2064 1003 2209 1045 esse.

614 1085 738 1148 GE.
785 1106 914 1146 non
946 1084 1225 1168 contigit
1254 1083 1493 1170 praeda
1522 1107 1715 1169 quam
1748 1083 2121 1148 venabaris?

614 1187 713 1251 L1.
786 1186 1063 1250 venabar
1092 1187 1409 1272 equidem,
1438 1185 1547 1250 sed
1577 1187 1745 1250 irata
1774 1186 1980 1251 Delia.

613 1291 736 1355 GE.
785 1291 947 1354 nihil
977 1291 1292 1377 reliquum
1323 1300 1420 1355 est
1450 1291 1629 1378 spei?
2314 1325 2377 1362 10

613 1395 713 1459 L1.
785 1396 917 1481 spei
948 1396 1361 1482 permultum,
1391 1394 1501 1460 sed
1529 1396 1620 1460 rei
1652 1396 1832 1460 nihil.

613 1501 735 1565 GE.
783 1501 1113 1587 episcopus
1142 1501 1303 1564 nihil
1335 1501 1620 1565 ostendit
1651 1503 1832 1588 spei?

610 1605 710 1669 L1.
783 1611 929 1669 tota
957 1605 1244 1692 plaustra
1274 1605 1428 1690 spei,
1460 1605 1568 1669 sed
1598 1611 1926 1691 praeterea
1954 1605 2133 1670 nihil.

613 1708 735 1772 GE.
784 1708 947 1771 nihil
976 1707 1186 1771 adhuc
1216 1707 1441 1771 misit?

612 1812 712 1876 L1.
785 1813 1082 1897 promisit
1103 1812 1361 1897 quidem
1393 1812 1697 1897 benigne3
1728 1819 1800 1876 at
1821 1836 1901 1875 ne
1924 1812 2281 1876 teruncium
2312 1834 2368 1887 15

482 1914 739 2001 quidem
771 1916 962 1980 misit.
1943 1913 1947 1918 ’

612 2020 734 2084 GE.
782 2042 934 2105 ergo
963 2043 1074 2106 spe
1103 2020 1366 2084 alendus
1396 2028 1493 2084 est
1523 2020 1787 2084 animus,

610 2121 710 2186 L1.
783 2119 892 2184 sed
948 2121 1067 2185 hac
1126 2145 1256 2184 non
1320 2122 1604 2207 repletur
1662 2129 1899 2186 venter.
1989 2122 2101 2207 qui
2170 2144 2280 2207 spe

480 2224 766 2301 aluntur,
808 2224 1111 2309 pendent,
1157 2248 1286 2288 non
1332 2225 1577 2289 vivunt.

612 2327 734 2392 GE.
783 2328 854 2390 at
903 2334 1120 2390 tamen
1172 2350 1308 2390 eras
1359 2326 1443 2390 ad
1495 2328 1620 2391 iter
1675 2328 2053 2414 expeditior,
2105 2327 2280 2414 quod
2307 2354 2371 2390 20

480 2431 642 2494 nihil
685 2439 825 2495 erat
867 2432 1072 2494 oneris
1118 2431 1182 2494 in
1229 2454 1404 2496 zona.

610 2534 710 2599 L1.
782 2535 1028 2609 satem-3
1089 2543 1285 2621 atque
1332 2535 1527 2598 etiam
1576 2536 1799 2599 tutior.
1890 2535 2069 2599 nulla
2110 2536 2277 2599 enim

481 2644 630 2702 sunt
692 2662 870 2702 arma
927 2639 1198 2703 certiora
1255 2637 1551 2701 adversus
1608 2637 1903 2701 latrones,
1994 2638 2102 2703 sed
2160 2660 2279 2723 ego

481 2739 697 2803 malim
743 2747 810 2803 et
855 2764 1013 2804 onus
1057 2747 1124 2803 et
1167 2738 1539 2827 periculum.

610 2845 733 2908 GE.
782 2843 1024 2907 nihilne
1053 2843 1177 2907 tibi
1208 2841 1580 2928 ademptum
1612 2850 1708 2906 est
1738 2844 1804 2906 in
1838 2843 1986 2905 via?
2306 2862 2365 2916 25

608 2948 709 3011 L1.
781 2947 1068 3009 mihine?
1137 2967 1370 3031 quaeso
1400 2945 1559 3031 quid
1588 2946 1817 3031 eripias
1847 2946 2069 3009 nudo?
2136 2946 2277 3010 aliis

479 3048 666 3111 citius
725 3049 1073 3134 periculum
1134 3056 1273 3111 erat
1321 3070 1364 3111 a
1419 3072 1537 3113 me.
1626 3048 1811 3112 licuit
1869 3049 2026 3111 mihi
2082 3072 2278 3114 vacuo

481 3151 709 3214 viatori
742 3173 855 3236 per
883 3157 1097 3214 totum
1129 3151 1255 3214 iter
1283 3173 1503 3213 canere
1534 3158 1599 3214 et
1629 3150 1877 3213 esurire.
1964 3151 2277 3236 numquid

480 3255 618 3317 vis?

611 3356 734 3420 GE.
782 3378 912 3443 quo
941 3378 1110 3419 nunc
1139 3357 1288 3421 hinc
1316 3356 1501 3423 abis?
2302 3378 2368 3429 30
