2705 3881
489 237 586 303 34
697 226 858 302 The
902 226 1178 302 soldier
1229 225 1392 300 and
1432 225 1553 302 the
1608 227 2067 303 carthusiam

618 417 737 478 M1.
783 414 886 478 hic
915 422 991 479 tu
1021 414 1482 500 propemodum
1513 415 1669 479 dicis
1699 438 1933 480 verum.

616 520 732 584 CA.
779 517 936 605 quid
974 519 1174 583 habet
1211 518 1651 605 prodigiosum
1691 519 1927 585 vestis?
2014 521 2282 585 offendit

486 621 676 685 color.
767 621 909 707 quis
953 619 1128 684 color
1174 621 1376 705 magis
1415 620 1597 684 decet
1637 644 1851 684 omnes
1886 621 2280 686 Christianos

486 747 676 810 quam
737 723 788 786 is
850 725 960 809 qui
1021 724 1209 788 datus
1267 730 1365 786 est
1422 722 1716 787 omnibus
1780 725 1846 787 in
1916 723 2281 810 baptismo?

429 845 460 898 5
484 826 728 890 dictum
803 833 900 890 est
979 825 1103 890 tibi
1173 848 1429 911 quoque
1504 831 1524 862 ‘
1541 828 1754 911 accipe
1827 834 2060 890 vestem
2135 850 2279 891 can-

483 928 744 993 didam.'
828 929 985 992 haec
1043 928 1232 991 vestis
1300 927 1605 992 admonet
1670 951 1769 991 me
1826 928 1985 1014 quid
2044 931 2279 1015 promi-

485 1032 1082 1110 serim,—nimirum
1119 1031 1519 1094 innocentiae
1558 1040 1940 1116 perpetuum
1975 1032 2275 1097 studium.

484 1159 676 1222 porro
734 1135 1144 1199 solitudinem
1215 1135 1266 1198 si
1330 1157 1511 1198 vocas
1571 1134 1796 1197 turbae
1854 1134 2096 1217 fugam,
2159 1135 2280 1198 hoc

485 1239 844 1325 exemplum
911 1245 1007 1301 est
1070 1261 1198 1301 non
1258 1245 1567 1317 nostrum,
1628 1238 1735 1302 sed
1796 1246 2078 1302 veterum
2136 1239 2277 1324 phi-

403 1370 462 1406 10
483 1342 910 1429 losophorum.
1002 1342 1198 1405 immo
1267 1349 1516 1428 poetae,
1574 1342 1902 1426 astrologi,
1967 1365 2040 1405 ac
2106 1343 2278 1405 simi-

485 1445 650 1509 libus
730 1444 975 1508 artibus
1054 1445 1280 1522 dediti,
1362 1446 1658 1531 quotiens
1738 1445 1983 1531 aliquid
2063 1447 2276 1531 magni

469 1536 860 1626 moliuntur,
903 1572 1203 1612 secessum
1254 1572 1554 1634 quaerere
1596 1549 1819 1613 solent.
1911 1572 2022 1612 cur
2063 1558 2275 1613 autem

487 1675 669 1717 vocas
711 1652 875 1715 hanc
918 1651 1375 1716 solitudinem?
1461 1653 1566 1716 hic
1609 1652 1817 1716 habeo
1860 1650 2101 1716 sodales
2144 1677 2277 1716 om-

486 1757 665 1820 nium
709 1778 916 1819 rerum
962 1756 1173 1841 plures
1217 1779 1411 1843 quam
1457 1756 1743 1821 sedecim.
1835 1756 2050 1820 visunt
2092 1758 2277 1822 amici

404 1879 459 1933 15
485 1859 762 1923 crebrius
817 1882 1012 1945 quam
1064 1859 1285 1923 vellem
1338 1868 1457 1923 aut
1513 1859 1793 1946 expedit.
1884 1859 2010 1924 tibi
2065 1861 2280 1925 videor

484 1965 552 2027 in
596 1964 940 2028 solitudine
985 1964 1238 2028 vivere?

613 2070 735 2131 M1.
782 2075 853 2131 at
882 2090 1010 2132 non
1041 2091 1285 2154 semper
1313 2068 1465 2132 licet
1495 2092 1637 2132 cum
1667 2070 1767 2132 his
1798 2067 2211 2134 confabulari.

617 2172 731 2233 CA.
778 2193 893 2233 nec
931 2192 1178 2256 semper
1215 2171 1496 2256 expedit.
1589 2193 1703 2234 nec
1743 2171 2002 2234 interim
2040 2178 2277 2249 tamen,

484 2299 626 2339 cum
687 2276 961 2339 maxime
1012 2274 1230 2338 videor
1286 2275 1476 2353 soluS,
1527 2273 1761 2337 desunt
1819 2272 1978 2336 mihi
2036 2274 2278 2338 sodales

398 2401 462 2437 20
484 2380 672 2465 longe
714 2379 1063 2442 festiviores
1107 2401 1181 2441 ac
1223 2377 1539 2440 suaviores
1584 2376 1723 2439 istis
1768 2376 2150 2460 vulgaribus,

615 2484 735 2544 M1.
783 2481 893 2544 ubi
926 2473 1123 2545 sunt?

614 2586 729 2648 CA.
779 2583 951 2647 vides
992 2585 1164 2649 hunc
1202 2585 1530 2650 codicem?
1617 2588 1684 2650 in
1728 2587 1852 2649 hoc
1897 2609 2138 2651 mecum
2182 2588 2276 2651 fa-

483 2687 748 2753 bulatur
790 2687 919 2765 ille,
957 2688 1069 2774 qui
1110 2687 1264 2751 olim
1305 2688 1567 2753 additus
1612 2689 1925 2752 facundus
1961 2712 2165 2752 comes
2209 2691 2276 2752 in

485 2791 590 2854 via
605 2788 855 2853 duobus
877 2789 1203 2876 discipulis
1224 2792 1433 2855 effecit
1455 2798 1532 2854 ut
1553 2814 1683 2854 non
1706 2791 2017 2854 sentirent
2034 2792 2279 2855 itineris

397 2906 458 2959 25
484 2893 786 2970 laborem,
826 2890 935 2955 sed
975 2891 1406 2957 dulcissimum
1448 2892 1653 2956 cordis
1694 2893 2007 2972 ardorem,
2045 2894 2276 2957 intenti

484 2993 744 3058 mellitis
788 2992 958 3056 illius
1001 2994 1411 3059 sermonibus
1503 2994 1750 3058 reddidi
1797 2995 1919 3058 tibi
1966 2996 2277 3059 rationem

485 3101 607 3163 mei
648 3098 911 3163 consilii.
995 3121 1165 3161 nunc
1203 3121 1439 3184 quaeso
1481 3097 1639 3161 mihi
1678 3097 1949 3162 vicissim
1990 3099 2089 3162 tui
2130 3121 2278 3162 con-

483 3202 608 3265 silii
638 3202 953 3265 rationem
984 3200 1230 3280 reddaS‚
1253 3201 1551 3285 dicasque
1580 3199 1693 3264 ubi
1726 3207 2037 3263 cessarent
2064 3223 2278 3265 omnes

483 3303 636 3368 boni
690 3302 938 3381 medici,
982 3325 1146 3381 cum,
1192 3302 1417 3365 relicta
1457 3301 1635 3365 domi
1680 3324 1877 3365 uxore
1926 3309 1995 3365 et
2042 3301 2277 3383 liberis,

398 3428 462 3478 30
486 3406 960 3493 proficiscereris
989 3406 1056 3468 in
1086 3404 1407 3481 militiam,
1432 3404 1543 3467 vili
1564 3404 1793 3468 salario
1816 3404 2166 3468 conductus
2193 3405 2278 3468 ad
