2705 3881
648 194 805 271 The
853 192 1112 269 Abbot
1163 195 1322 269 and
1371 193 1489 268 the
1540 192 1853 269 learned
1899 192 2077 293 lady
2162 207 2251 272 41

594 385 738 450 MA.
782 406 911 445 non
970 383 1175 445 dicam
1228 380 1388 468 quid
1437 388 1514 444 tu
1568 381 1724 443 mihi
1777 381 2063 445 videariS.
2153 380 2262 444 sed

465 509 577 549 cur
619 487 773 548 haec
816 484 1112 569 displicet
1156 483 1485 570 supellex?

596 588 725 653 AN.
787 588 943 672 quia
969 587 1144 649 fusus
1173 593 1242 649 et
1271 586 1446 648 colus
1476 593 1627 650 sunt
1655 608 1833 648 arma
1863 587 2216 654 muliebria.

596 690 736 754 ΜΑ.
785 712 994 753 nonne
1065 697 1395 753 matronae
1462 696 1560 752 est
1628 688 2072 753 administrare
2129 713 2261 754 rem

465 790 897 870 domesticam,
942 790 1191 855 erudire
1235 790 1467 855 liberos
1484 794 1514 856 Ρ
2289 823 2317 876 5

594 898 725 961 AN.
787 902 903 962 est.
1922 906 1928 911 ’

595 1000 736 1063 MA.
783 1021 864 1060 an
932 1021 1066 1062 rem
1136 1004 1389 1061 tantam
1449 997 1773 1061 existimas
1830 998 2260 1064 administrari

463 1123 644 1188 posse
688 1102 821 1164 sine
866 1102 1227 1186 sapientia?

595 1207 724 1269 AN.
786 1228 915 1267 non
945 1204 1241 1269 arbitror.

593 1310 734 1372 MA.
783 1315 854 1371 at
882 1308 1047 1371 hanc
1075 1307 1455 1393 sapientiam
1487 1307 1720 1373 docent
1749 1330 1849 1373 me
1877 1308 2043 1372 libri.
2294 1343 2351 1379 10

595 1413 725 1474 AN.
785 1434 905 1495 ego
926 1410 1101 1474 domi
1123 1409 1330 1474 habeo
1352 1411 1688 1494 sexaginta
1709 1410 1870 1474 duos
1893 1409 2261 1484 monachos3

466 1522 680 1578 tamen
710 1514 956 1578 nullum
986 1514 1221 1578 librum
1253 1515 1522 1600 reperies
1552 1514 1619 1577 in
1653 1537 1791 1577 meo
1820 1513 2129 1578 cubicula

596 1620 736 1682 MA.
783 1618 943 1681 bene
972 1625 1377 1704 prospectum
1402 1625 1499 1681 est
1521 1618 1844 1681 monachis
1867 1616 2012 1683 illis.

598 1723 724 1786 AN.
785 1721 920 1784 fero
950 1720 1166 1799 libroS‚
1195 1744 1324 1785 non
1355 1721 1490 1784 fero
1522 1721 1808 1784 Latinos

598 1827 739 1889 MA.
787 1829 1227 1910 quapropter?
2294 1861 2349 1912 15

597 1930 724 1993 AN.
788 1929 942 2015 quia
969 1952 1098 1992 non
1129 1929 1427 1993 convenit
1454 1952 1532 1993 ea
1559 1927 1781 2013 lingua
1810 1926 2101 1993 feminiS.⁶

596 2034 736 2097 MA.
784 2039 1080 2118 exspecto
1109 2054 1377 2095 causam.

596 2137 726 2199 AN.
788 2134 942 2220 quia
998 2155 1224 2219 parum
1284 2133 1443 2197 facit
1500 2133 1585 2197 ad
1643 2134 1947 2198 tuendam
2008 2134 2259 2198 illarum

466 2239 790 2303 virtutem.
920 2313 925 2318 ‚

596 2342 739 2407 MA.
829 2363 980 2424 ergo
1052 2340 1486 2424 nugacissimis
1557 2338 1791 2403 fabulis
1863 2340 2035 2426 pleni
2113 2339 2259 2404 libri
2289 2367 2353 2403 20

467 2443 712 2510 Gallice
755 2444 974 2529 scripti
1020 2443 1267 2505 faciunt
1308 2442 1394 2505 ad
1439 2442 1794 2505 virtutem?

597 2550 726 2611 AN.
788 2544 965 2609 aliud
995 2553 1108 2609 est.
1334 2554 1347 2562 ‘

598 2653 737 2714 MA.
784 2650 889 2714 dic
917 2648 1110 2728 istud,
1140 2648 1458 2734 quidquid
1488 2656 1606 2725 est,
1635 2656 1871 2733 aperte.

597 2756 726 2817 AN.
788 2753 1057 2817 tutiores
1086 2758 1237 2814 sunt
1266 2752 1317 2813 si
1349 2751 1640 2814 nesciunt
1667 2753 1919 2817 Latine.

600 2858 737 2921 MA.
786 2855 982 2918 immo
1021 2855 1210 2917 istinc
1253 2854 1586 2916 minimum
1625 2861 1721 2917 est
1761 2855 2025 2940 periculi
2058 2863 2262 2919 vestra
2291 2875 2349 2926 25

469 2980 699 3043 opera;
742 2954 1258 3042 quandoquidem
1292 2956 1414 3017 hoc
1443 2954 1636 3039 agitis
1666 2954 1906 3033 sedulo,
1936 2978 2015 3017 ne
2051 2957 2261 3019 sciatis

469 3061 718 3124 Latine.

597 3165 726 3228 AN.
789 3161 1016 3246 vulgus
1044 3163 1141 3224 ita
1169 3162 1389 3239 sentit,
1411 3161 1566 3245 quia
1593 3182 1803 3222 rarum
1837 3167 1904 3222 et
1934 3158 2258 3222 insolitum

469 3273 566 3328 est
594 3265 893 3328 feminam
926 3265 1082 3326 scire
1112 3264 1365 3327 Latine.

604 3373 739 3433 MA.
786 3366 944 3454 quid
988 3366 1143 3429 mihi
1189 3368 1347 3430 citas
1394 3366 1676 3452 vulgum,
1718 3366 2056 3453 pessimum
2103 3365 2260 3429 bene
2284 3392 2348 3440 30
