2705 3881
991 227 1338 304 General
1382 231 1628 306 Notes
2055 241 2197 308 103

401 416 467 477 (6)
537 419 725 465 caussl
758 417 1094 474 subjunctive
1107 433 1123 465 τ

589 527 707 563 cum
741 512 917 562 omnia
949 513 1168 571 rideant,
1203 511 1380 562 miror.
1452 513 1531 571 12,
1568 513 1614 564 5.

589 593 839 643 creditum
873 596 968 654 est,
1007 608 1126 642 cum
1158 594 1404 642 viderent.
1472 592 1552 649 31,
1588 594 1668 641 25.

587 676 775 739 probus
806 690 861 725 es
895 675 985 736 qui
1017 675 1119 725 ista
1151 678 1350 735 coyites.
1420 675 1498 735 45,
1539 676 1618 726 19.

493 791 601 841 The
639 794 879 854 temporal
917 806 1009 840 use
1048 792 1106 839 of
1141 791 1230 841 the
1265 790 1600 854 subjunctive
1635 791 1737 856 (1.8.
1771 791 2019 842 ‘historic
2055 792 2193 841 cum’

395 872 521 924 with
553 872 819 935 imperfect
847 886 905 920 or
934 871 1217 933 pluperfect
1252 870 1591 936 subjunctive)
1624 869 1671 919 is
1701 871 1842 920 often
1877 870 2062 932 hardly
2092 871 2193 920 dis-

396 954 740 1016 tinguishable
761 953 895 1002 from
918 951 1005 1001 the
1027 954 1201 1001 causal
1224 966 1330 1014 use,
1356 951 1490 1000 from
1516 950 1685 1000 which
1706 951 1751 1000 it
1773 950 1820 1000 is
1839 951 2127 1012 developed.

594 1090 713 1126 cum
745 1076 960 1123 instaret
992 1072 1097 1134 ille,
1132 1070 1220 1121 hic
1251 1062 1439 1131 inquit.
1509 1071 1588 1129 16,
1623 1072 1702 1118 23.

590 1171 710 1207 cum
742 1156 879 1206 cives
902 1156 1275 1218 prosiluissent,
1311 1152 1546 1202 cohibuit
1580 1153 1805 1202 Maccus.
1873 1155 1952 1214 29,
1993 1153 2074 1203 14.

402 1305 472 1373 (Ί)
541 1309 875 1365 subjunctive
906 1309 966 1354 in
996 1308 1292 1364 dependent
1324 1309 1668 1355 statementsz

539 1420 597 1486 (1)
670 1419 727 1469 in
751 1418 1042 1481 dependent
1064 1417 1533 1481 ‘jussive'clauses,
1551 1417 1630 1468 i.e.
1654 1414 1957 1478 containing
1976 1415 2046 1481 (a)
2071 1431 2194 1468 com-

719 1503 910 1559 mands,
938 1501 1005 1566 (b)
1029 1504 1223 1559 wishes,
1251 1498 1317 1565 (c)
1334 1501 1675 1562 prohibitione
1704 1519 1718 1551 z

657 1614 727 1678 (a)
785 1629 907 1676 rogo
941 1617 999 1664 ut
1031 1628 1224 1676 equum
1258 1616 1385 1663 alat.
1454 1614 1535 1675 15,
1572 1613 1653 1662 20.

788 1709 907 1744 cum
940 1695 1261 1753 clamassem,
1298 1697 1390 1744 aut
1421 1709 1610 1756 equum
1644 1696 1899 1744 exhiberet
1930 1695 2023 1745 aut
2055 1708 2194 1757 emp·

956 1780 1136 1836 torem,
1171 1777 1382 1827 tandem
1414 1780 1654 1826 numerat
1683 1775 1927 1838 pretium.
1999 1778 2078 1833 17,
2114 1777 2195 1826 21.

783 1873 938 1909 narro
960 1874 1068 1908 rem
1090 1874 1199 1909 esse
1221 1873 1458 1921 gravem;
1493 1856 1708 1921 proinde
1740 1872 1794 1907 se
1825 1857 2019 1908 bonum
2057 1871 2198 1908 nunc

945 1949 1246 2005 praestaret.
1314 1940 1395 2002 14,
1434 1942 1514 1992 19.

653 2055 721 2121 (b)
788 2070 977 2117 quaeso
1008 2059 1060 2105 te
1094 2059 1152 2106 ut
1183 2072 1372 2107 narres.
1444 2057 1524 2115 23,
1562 2056 1608 2105 1.

655 2169 719 2235 (c)
787 2169 930 2220 edico
961 2184 1028 2219 ne
1061 2170 1178 2232 quis
1203 2171 1437 2234 proferat
1466 2173 1668 2232 praeter
1696 2169 1941 2220 ridiculas
1973 2167 2194 2219 fabulas.

2030 2251 2110 2308 28,
2146 2251 2194 2299 2.

526 2380 601 2448 (11)
667 2382 725 2431 in
757 2382 1047 2445 dependent
1080 2382 1378 2445 questions:

587 2494 711 2541 roga
742 2479 914 2542 ipsum
949 2495 1016 2529 an
1049 2482 1174 2529 velit
1207 2495 1347 2529 nunc
1380 2495 1491 2530 esse
1523 2479 1681 2530 domi.
1750 2480 1796 2543 1,
1836 2480 1914 2530 11.

584 2561 796 2622 rogabat
828 2576 955 2609 num
989 2560 1123 2609 mihi
1154 2561 1349 2611 venalis
1385 2568 1508 2611 esset
1541 2576 1721 2622 equus.
1793 2562 1871 2621 15,
1904 2563 1987 2613 29.

583 2643 709 2705 quid
742 2644 869 2693 mali
900 2647 1115 2693 allaturi
1148 2647 1253 2693 sint
1286 2645 1481 2694 nescio,
1552 2646 1629 2708 10,
1671 2646 1748 2696 16.

583 2728 823 2773 numerat
857 2728 983 2785 quot
1015 2727 1119 2774 sint
1152 2724 1210 2773 in
1243 2725 1490 2775 triclinio.
1558 2726 1639 2787 20,
1679 2728 1726 2777 7.

516 2853 608 2920 (111)
665 2854 722 2904 in
761 2855 1094 2905 subordinate
1133 2854 1332 2904 clauses
1371 2855 1428 2903 of
1462 2856 1626 2904 oratio
1664 2857 1869 2918 obliqua
1907 2870 1966 2905 or
2004 2855 2196 2907 virtusl

711 2939 874 2986 oratio
907 2939 1145 2999 obliqua:

581 3036 782 3085 dicebat
814 3035 923 3084 illic
954 3050 1065 3085 esse
1099 3040 1386 3096 quaestum,
1416 3035 1505 3084 ubi
1538 3044 1661 3084 esset
1695 3038 1932 3100 populus.
2006 3039 2085 3099 12,
2116 3037 2196 3088 16.

580 3117 735 3166 urbes
781 3116 1098 3177 praeferebat
1141 3118 1294 3179 agris,
1337 3116 1475 3179 quod
1519 3124 1643 3166 esset
1686 3117 1917 3168 discendi
1959 3120 2191 3181 cupidus.

1998 3200 2060 3246 12
2182 3235 2195 3248 .

580 3277 734 3327 iussit
766 3291 849 3326 me
881 3276 1073 3338 adesse,
1112 3276 1219 3325 nisi
1250 3279 1428 3327 vellem
1460 3277 1700 3339 relinqui.
1769 3279 1850 3337 23,
1885 3278 1932 3329 4.
2064 3233 2077 3257 ’
2114 3200 2178 3248 20

583 3357 803 3420 negabat
836 3371 891 3407 se
922 3358 1123 3418 emisse,
1163 3358 1249 3407 sed
1284 3357 1422 3421 quod
1455 3359 1676 3407 delatum
1699 3361 1890 3422 suisset
1923 3360 2196 3421 accepisse.

1995 3443 2077 3502 30,
2113 3443 2191 3494 27.
