2705 3881
484 223 579 288 42
663 208 821 283 The
867 209 944 280 Α
958 206 1126 281 bbot
1177 206 1336 281 and
1383 206 1503 282 tlte
1553 205 1865 282 learned
1910 206 2089 306 lady

478 396 788 483 gerendae
809 396 897 461 rei
921 405 1240 461 auctorem
1265 401 1293 461 Ρ
1365 396 1523 482 quid
1554 397 1711 460 mihi
1733 398 2273 478 consuetudinem,

479 501 761 566 omnium
795 501 1103 565 malarum
1134 524 1342 564 rerum
1377 501 1794 586 magistram?
1881 500 2143 586 optimis
2176 523 2272 564 as-

478 604 880 669 suescendum
906 627 922 671 :
969 603 1064 667 ita
1092 604 1205 668 fiet
1233 603 1517 682 solitum,
1540 602 1715 689 quod
1744 611 1884 668 erat
1912 602 2270 669 insolitum:

477 730 664 780 suave
705 708 835 786 fiet,
874 704 1049 792 quod
1094 712 1231 768 erat
1271 705 1565 769 insuave:
1611 705 1724 767 fiet
1761 704 2057 767 decorum
2098 706 2273 791 quod

425 836 453 889 5
480 810 814 874 videbatur
857 808 1241 873 indecorum.

607 917 736 979 AN.
783 904 1009 979 audio·

532 1040 541 1052 ·
608 1018 746 1081 MA.
794 1038 1004 1079 nonne
1033 1016 1329 1079 decorum
1361 1023 1458 1080 est
1487 1016 1784 1079 feminam
1829 1018 1897 1080 in
1927 1018 2273 1082 Germania

478 1129 695 1184 natam
725 1122 959 1185 discere
988 1120 1281 1185 Gallice?

607 1226 734 1287 AN.
798 1223 1087 1286 maxime.

396 1356 455 1393 10
607 1328 746 1391 ΜΑ.
795 1348 986 1413 quam
1019 1325 1104 1390 ob
1133 1330 1313 1390 rem?

606 1431 736 1493 AN.
798 1435 873 1491 ut
901 1427 1206 1513 loquatur
1232 1450 1374 1490 cum
1408 1427 1525 1507 his,
1555 1429 1669 1515 qui
1701 1430 1910 1492 sciunt
1940 1430 2201 1495 Gallice.

604 1533 746 1596 MA.
793 1539 860 1595 et
889 1532 1043 1594 mihi
1068 1538 1259 1616 putas
1282 1530 1670 1608 indecorum,
1689 1531 1741 1594 si
1758 1531 1995 1594 discam
2016 1534 2271 1609 Latine,

479 1642 554 1699 ut
604 1633 870 1697 cottidie
921 1633 1290 1697 confabuler
1340 1656 1484 1696 cum
1544 1640 1651 1696 tot
1706 1634 2074 1699 auctoribus
2133 1644 2266 1700 tam

477 1736 781 1814 facundiS,
823 1744 956 1800 tam
999 1736 1285 1815 eruditis,
1327 1744 1463 1799 tam
1506 1737 1920 1824 sapientibus»,
1951 1745 2086 1801 tam
2127 1739 2269 1801 fidis

396 1869 450 1922 15
478 1839 986 1904 consultoribus?

604 1948 733 2010 AN.
794 1944 942 2008 libri
1002 1946 1298 2011 adimunt
1357 1945 1631 2009 multum
1704 1946 1938 2010 cerebri
1997 1947 2268 2025 feminiS,

476 2071 617 2111 cum
662 2071 886 2134 parum
934 2047 1059 2112 illis
1103 2049 1392 2134 supersit.

605 2154 743 2216 ΜΑ.
791 2159 1103 2236 quantum
1178 2150 1357 2215 vobis
1425 2154 1719 2238 supersit,
1776 2154 2024 2230 nesciog
2102 2161 2269 2218 certe

477 2252 631 2315 mihi
663 2252 1316 2338 quantulumcumque
1345 2259 1443 2315 est
1474 2252 1690 2315 malim
1720 2252 1790 2316 in
1818 2253 2002 2317 bonis
2042 2254 2268 2318 studiis

388 2385 453 2421 20
475 2377 834 2419 consumere
885 2377 1078 2439 quam
1137 2355 1205 2418 in
1264 2356 1553 2441 precibus
1613 2357 1744 2421 sine
1797 2365 2010 2421 mente
2059 2357 2267 2436 dictis,

476 2460 543 2523 in
594 2459 919 2522 nocturnis
963 2459 1286 2537 conviviiS,
1331 2459 1399 2520 in
1445 2460 1889 2523 exhauriendis
1933 2460 2267 2547 capacibus

476 2561 737 2648 poculis·
1369 2551 1384 2561 ⁸

607 2666 733 2727 AN.
796 2663 1102 2728 librorum
1135 2664 1537 2729 familiaritas
1566 2665 1740 2751 parit
1767 2665 2095 2729 insaniam.

604 2768 745 2831 MA.
790 2788 875 2830 an
919 2765 1236 2853 colloquia
1279 2790 1631 2831 scurrarum
1672 2768 1798 2831 tibi
1837 2790 1967 2831 non
2005 2768 2268 2855 pariunt

389 2898 449 2952 25
475 2871 830 2935 insaniam?

604 2975 733 3038 AN.
794 2974 990 3038 immo
1019 2973 1349 3060 depellunt
1378 2973 1681 3039 taedium.

604 3080 743 3143 MA.
792 3079 1114 3165 quomodo
1138 3080 1252 3143 fiat
1281 3079 1484 3163 igitur
1513 3085 1590 3142 ut
1616 3086 1750 3141 tam
1783 3077 1995 3141 dulces
2023 3078 2265 3143 sodales

478 3182 630 3245 mihi
663 3184 919 3268 pariant
948 3182 1305 3244 insaniam?

607 3287 735 3348 AN.
797 3285 884 3347 sic
912 3285 1115 3348 aiunt.

393 3414 454 3463 30
607 3387 747 3448 MA.
794 3391 865 3447 at
893 3384 1069 3447 aliud
1099 3385 1236 3469 ipsa
1265 3381 1554 3467 loquitur
1581 3405 1693 3446 reS.
1785 3392 2028 3470 quanto
2058 3384 2265 3471 plures
