2705 3881
973 200 1035 273 I
1027 224 1172 273 oms
1219 201 1302 274 in
1358 200 1757 298 Germangq
2159 212 2245 276 21

459 387 842 451 madefactas
902 388 1050 450 iure.
1145 384 1374 448 deinde
1424 384 1603 448 aliud
1648 376 1766 464 iuS‚
1811 392 1959 472 post
2008 384 2253 469 aliquid

456 490 737 551 carnium
791 496 1200 553 recoctarum.
1288 510 1501 552 rursus
1551 487 1751 573 pultis
1794 487 2060 572 aliquid,
2105 511 2254 552 mox

457 591 700 676 aliquid
756 591 1071 654 solidioris
1122 590 1271 670 cibi,
1316 590 1517 654 donec
1567 591 1766 677 probe
1817 590 2064 654 domito
2122 598 2251 654 sto-

456 693 681 755 macho
723 699 1055 778 apponant
1105 715 1320 756 carnes
1378 715 1545 755 assas
1604 699 1720 756 aut
1777 693 1974 778 pisces
2033 692 2247 758 elixos,

455 794 577 858 hoc
635 802 826 881 pacto
886 802 1102 858 totum
1165 796 1525 859 convivium
1588 802 1972 882 temperant,
2032 818 2249 881 quem-
2277 825 2303 878 5

455 897 799 961 admodum
859 898 1066 962 solent
1115 906 1369 962 actores
1425 897 1808 974 fabularum,
1852 899 1964 983 qui
2015 899 2250 961 scaenis

455 1001 806 1065 admiscent
849 1003 1110 1077 choros;
1168 1002 1265 1065 ita
1307 1002 1417 1065 isti
1466 1000 1727 1064 alternis
1778 1002 2043 1064 miscent
2093 1000 2249 1064 offas

455 1127 530 1168 ac
577 1104 806 1191 pultes,
896 1110 1124 1167 curant
1174 1111 1390 1167 autem
1440 1109 1517 1167 ut
1566 1110 1885 1167 extremus
1934 1111 2113 1167 actus
2162 1105 2248 1167 sit

456 1209 753 1292 optimus.

586 1312 708 1374 Gn.
756 1318 824 1375 et
852 1311 975 1374 hoc
1003 1317 1100 1374 est
1125 1308 1279 1374 boni
1309 1318 1556 1397 poetae.
2279 1337 2340 1372 10

583 1413 698 1476 ΒΕ.
753 1434 943 1498 porro
987 1418 1316 1497 peccatum
1357 1411 1463 1488 sit,
1503 1411 1555 1474 si
1595 1411 1737 1496 quis
1777 1410 2032 1474 interim
2071 1411 2247 1475 dicat

455 1521 476 1553 ‘
494 1514 650 1579 tolle
672 1515 839 1578 hunc
861 1513 1101 1577 discum
1125 1540 1142 1588 ;
1180 1537 1366 1577 nemo
1388 1515 1509 1577 hoc
1533 1514 1840 1578 vescitur.'
1904 1513 2245 1578 sedendum

454 1627 551 1684 est
606 1641 804 1705 usque
873 1618 956 1682 ad
1020 1618 1478 1705 praescriptum
1549 1616 1850 1702 spatium,
1909 1617 2083 1702 quod
2152 1617 2247 1682 illi

455 1721 818 1809 clepsydriS,
868 1729 944 1784 ut
995 1721 1247 1806 opinor,
1299 1720 1669 1783 metiuntur.
1763 1742 1911 1783 mox
1962 1720 2251 1784 adfertur

454 1823 671 1886 vinum
710 1820 972 1908 aliquod
1011 1820 1390 1905 generosius,
1480 1818 1657 1882 dictu
1701 1821 1951 1897 mirum,
1982 1822 2125 1906 quis
2163 1822 2249 1885 sit
2281 1850 2337 1904 15

454 1927 545 1992 ibi
574 1927 877 2015 strepitus
916 1936 990 1990 'ac
1020 1949 1244 1989 vocum
1283 1925 1622 2004 tumultuS‚
1653 1931 1993 2011 postquam
2034 1949 2249 1991 omnes

454 2037 799 2116 coeperunt
862 2029 1161 2093 calescere
1224 2029 1393 2093 vino,
1491 2028 1649 2114 quid
1708 2028 1973 2092 multis?
2060 2030 2250 2093 surda

455 2135 684 2198 omnia.
773 2131 1124 2196 admiscent
1152 2153 1218 2195 se
1246 2154 1431 2218 saepe
1461 2132 1811 2206 moriones;
1855 2154 1984 2216 quo
2022 2154 2249 2216 genere

453 2237 784 2301 hominum
848 2258 989 2298 cum
1060 2234 1306 2298 nullum
1377 2235 1463 2297 sit
1520 2234 1722 2319 magis
1781 2232 2249 2313 detestandum,

453 2348 670 2405 tamen
699 2341 806 2403 vix
834 2338 1048 2402 credas
1076 2345 1472 2424 quantopere
1500 2336 1895 2400 delectentur
1924 2337 2245 2403 Germani.
2273 2370 2339 2406 20

454 2444 550 2508 illi
629 2450 844 2522 canta,
917 2442 1212 2519 clamore,
1283 2440 1579 2505 saltando
1652 2441 1898 2505 faciunt
1978 2450 2055 2506 ut
2132 2444 2246 2505 tri-

455 2548 713 2610 clinium
806 2545 1098 2609 videatur
1193 2567 1517 2619 corruere;
1619 2566 1823 2629 neque
1911 2545 2246 2631 quisquam

454 2650 724 2713 alterum
777 2648 962 2711 audit
1010 2647 1398 2734 loquentem.
1490 2647 1732 2709 interea
1778 2645 2075 2709 videntur
2124 2648 2245 2712 sibi

453 2753 730 2815 suaviter
779 2751 1019 2814 vivere:
1082 2757 1278 2834 atque
1327 2747 1460 2811 illic
1511 2746 1851 2810 sedendum
1903 2756 2000 2811 est
2049 2771 2247 2834 usque

453 2856 537 2920 ad
580 2856 849 2920 multam
893 2862 1164 2919 noctem.
2270 2884 2332 2935 25

584 2959 708 3022 Gn.
754 2980 923 3020 nunc
951 2956 1211 3019 tandem
1240 2954 1495 3018 absolve
1524 2954 1900 3017 convivium.
1975 2976 2123 3016 nam
2148 2977 2247 3018 me

455 3085 708 3148 quoque
737 3061 956 3125 taedet
984 3067 1120 3123 tam
1151 3059 1403 3146 prolixi.

584 3165 699 3226 ΒΕ.
754 3162 999 3225 faciam.
1091 3160 1351 3224 tandem
1414 3159 1667 3223 sublato
1727 3183 1924 3236 caseo,
1976 3161 2086 3245 qui
2142 3163 2244 3224 vix

455 3266 580 3329 illis
602 3266 813 3352 placet
835 3264 955 3326 nisi
978 3265 1207 3349 putriS‚
1232 3261 1452 3348 prodit
1475 3261 1581 3324 ille
1610 3260 1937 3338 barbatus,
1960 3261 2245 3327 adferens

456 3391 661 3432 secum
681 3367 1022 3453 Pinacium,
1038 3368 1103 3428 in
1122 3389 1251 3454 quo
1269 3373 1442 3429 creta
1460 3366 1675 3453 pinxit
1691 3364 1943 3449 aliquot
1961 3366 2239 3430 circuloS.
2270 3393 2333 3442 30
