2705 3881
875 227 1362 324 Impressions
1411 225 1509 324 of
1544 226 1849 297 Franee
2206 226 2251 293 9

611 409 716 471 CL.
768 414 946 471 totus
974 407 1134 471 alius
1162 406 1344 470 nobis
1374 405 1609 469 redisti.

610 509 726 573 BA.
773 531 883 572 cur
911 511 1043 572 sic?

611 611 718 673 CL.
770 611 958 673 vestis
1010 609 1249 674 indicat
1289 615 1359 672 te
1401 613 1721 671 mutatum
1772 627 1849 668 ex
1892 606 2139 667 Batavo
2189 599 2255 664 in

485 709 760 775 Gallum.

610 814 728 876 BA.
774 814 938 876 hanc
959 812 1377 876 mutationem
1404 809 1618 873 malim
1641 829 1832 893 quam
1852 807 1919 869 in
1935 803 2256 890 gallinam.
2286 828 2315 881 5

483 915 592 979 sed
621 915 807 978 vestis
833 938 963 978 non
991 915 1147 979 facit
1176 913 1454 978 Gallum.

613 1019 719 1080 CL.
773 1017 980 1080 iamne
1007 1016 1192 1079 calles
1221 1013 1510 1079 Gallice?

612 1120 732 1182 BA.
779 1118 865 1180 sic
894 1117 1064 1181 satis,

615 1221 722 1282 CL.
775 1240 904 1304 quo
933 1225 1123 1304 pacto
1152 1216 1479 1281 didicisti?

614 1323 732 1385 BA.
780 1322 1096 1405 magistris
1126 1320 1616 1405 haudquaquam
1647 1315 1858 1380 mutis.
2297 1341 2356 1376 10

616 1425 722 1488 CL.
776 1423 844 1486 in
872 1423 991 1486 tali
1020 1422 1174 1484 ludo
1204 1421 1387 1484 facile
1407 1420 1702 1483 discimus
1729 1418 1927 1503 loqui.
2007 1434 2268 1478 sonasne

489 1526 684 1612 probe
712 1547 1057 1588 sermonem
1088 1523 1452 1587 Gallicum?

619 1630 736 1691 BA.
784 1627 978 1689 immo
1007 1633 1074 1688 et
1102 1625 1406 1688 Latinum
1437 1645 1591 1685 sono
1620 1621 1881 1686 Gallice.

622 1732 727 1793 CL.
781 1750 1107 1811 nunquam
1137 1727 1338 1810 igitur
1367 1724 1593 1787 scribes
1622 1722 1791 1786 bona
1818 1721 2113 1785 carmina.

621 1833 738 1894 BA.
785 1851 897 1891 cur
925 1829 1065 1890 ita?
2302 1840 2358 1892 Ι5

623 1933 730 1995 CL.
783 1929 937 2016 quia
965 1929 1158 2015 periit
1185 1926 1310 1992 tibi
1340 1924 1724 2012 syllabarum
1754 1923 2099 2009 quantitas,

623 2035 741 2097 BA.
789 2033 944 2095 mihi
976 2031 1128 2094 satis
1156 2038 1253 2093 est
1281 2029 1573 2114 qualitas,

626 2138 732 2200 CL.
787 2133 990 2219 quid?
1075 2140 1251 2195 estne
1309 2130 1574 2194 Lutetia
1630 2128 1926 2191 immunis
1983 2148 2023 2189 a
2083 2123 2277 2211 pesti-

498 2239 743 2303 lentia?

629 2345 747 2406 BA.
794 2360 1247 2422 nonnunquam
1320 2334 1793 2408 intermittitur,
1864 2351 2012 2393 mox
2076 2349 2281 2389 recru-
2307 2347 2371 2382 20

502 2445 718 2509 descit.

634 2550 741 2611 CL.
795 2555 922 2608 non
954 2550 1054 2606 sat
1083 2549 1180 2605 est
1210 2540 1545 2613 malorum,
1572 2535 1683 2599 ubi
1714 2533 1951 2598 bellum
1980 2537 2076 2594 est
2094 2521 2131 2593 ?'

635 2650 753 2711 BA.
800 2652 956 2723 erat,
985 2644 1106 2707 nisi
1137 2665 1310 2705 secus
1338 2647 1499 2703 esset
1529 2638 1729 2700 visum
1760 2634 2014 2721 superis,

637 2752 744 2814 CL.
799 2770 1084 2811 annonae
1114 2745 1445 2807 caritatem
1478 2741 1619 2803 istic
1649 2739 1779 2801 esse
1810 2740 2083 2821 oportet.

637 2852 757 2914 BA.
805 2851 1000 2913 immo
1066 2845 1415 2933 penuriam.
1533 2840 1814 2904 omnium
1883 2857 2089 2898 rerum
2162 2832 2293 2897 illic
2318 2857 2378 2908 25

513 2954 730 3041 inopia
797 2958 892 3014 est
967 2955 1408 3036 praeterquam
1484 2942 1925 3005 sceleratorum
1996 2936 2289 2999 militum.

513 3057 823 3121 bonorum
870 3054 1145 3116 virorum
1188 3048 1320 3112 illic
1362 3053 1459 3110 est
1503 3046 1663 3107 mira
1705 3042 1934 3105 vilitas,

644 3162 752 3223 CL.
805 3156 964 3243 quid
1010 3152 1242 3217 accidit
1282 3148 1506 3224 Gallis,
1547 3153 1623 3207 ut
1669 3142 1902 3207 bellum
1952 3138 2297 3224 suscipiant

518 3283 659 3323 cum
703 3259 964 3345 aquila?

650 3363 767 3424 BA.
813 3360 968 3446 quia
1003 3364 1216 3420 movet
1250 3354 1394 3418 illos
1422 3349 1777 3437 exemplum
1818 3343 2154 3420 scarabaei,
2187 3343 2299 3427 qui
2324 3369 2388 3418 30
