2705 3881
473 215 566 282 24
1094 206 1252 282 The
1301 205 1651 305 wedding

469 389 661 451 tiores
711 394 826 451 aut
876 389 1074 472 magis
1123 387 1393 463 alacres;
1457 411 1670 452 omnes
1719 395 1869 465 sunt
1918 387 2248 450 redimitae

470 490 667 555 lauro,
755 514 946 577 porro
974 491 1239 554 Gratiae
1277 513 1470 576 quam
1510 490 1871 555 amabiliter
1909 490 2027 555 sibi
2068 491 2247 554 haer-

471 596 618 654 ent!

602 693 718 755 BA.
779 699 849 755 at
877 715 995 776 ego
1039 715 1362 776 nunquam
1394 691 1607 755 audivi
1637 715 2016 780 quemquam
2047 693 2248 777 magis

418 823 446 876 5
472 792 842 857 delirantem
872 818 1064 880 quam
1093 803 1176 858 te.

599 900 718 960 AL.
780 898 974 960 immo
1003 900 1311 960 neminem
1346 897 1558 961 vidisti
1591 920 1689 961 me
1718 899 2073 962 feliciorem.

598 999 716 1062 BA.
777 1021 887 1061 cur
914 999 1018 1062 hic
1045 999 1212 1062 solus
1240 1000 1433 1063 habes
1462 1000 1719 1063 oculos?

598 1104 718 1165 AL.
779 1103 932 1187 quia
958 1125 1086 1164 non
1117 1101 1335 1166 bibisti
1373 1125 1451 1164 ex
1479 1102 1660 1189 fonte
1688 1105 2053 1170 Musarum:
2098 1124 2243 1166 nam

469 1201 565 1263 his
595 1201 740 1264 solis
769 1204 1137 1287 conspicuae
1165 1210 1315 1266 sunt
1344 1205 1586 1268 Musae,

387 1330 446 1368 10
597 1303 714 1365 BA,
776 1324 894 1386 ego
923 1303 1102 1365 hausi
1132 1326 1167 1366 e
1193 1304 1374 1366 fonte
1403 1306 1594 1368 Scoti,

594 1407 715 1467 AL.
775 1427 903 1467 non
966 1404 1073 1467 ille
1129 1405 1270 1467 fons
1336 1412 1433 1468 est
1491 1409 1840 1486 Musarum,
1900 1408 2006 1473 sed
2072 1409 2244 1473 lacus

465 1527 779 1569 ranarum.

595 1606 712 1669 BA,
774 1629 983 1670 nonne
1011 1615 1193 1692 potes
1221 1608 1457 1673 efficere
1487 1617 1563 1674 ut
1591 1619 1658 1674 et
1686 1612 1819 1697 ipse
1848 1612 2093 1676 videam
2123 1613 2243 1677 hoc

465 1708 888 1791 spectaculum
910 1714 936 1772 Ρ

381 1837 439 1889 15
591 1811 711 1871 AL.
773 1831 1036 1894 possem,
1071 1812 1122 1875 si
1167 1802 1409 1878 adesset
1458 1816 1705 1882 laurus:
1765 1841 1910 1882 nam
1955 1819 2167 1905 liquor
2208 1843 2243 1882 e

461 1910 639 1974 fonte
681 1910 968 1997 limpido,
1009 1937 1184 1979 ramo
1228 1916 1390 1981 lauri
1434 1942 1735 2005 aspersus,
1777 1920 1988 1985 oculos
2030 1921 2242 1986 reddit

459 2011 645 2075 huius
675 2014 846 2077 modi
876 2017 1374 2101 spectaculorum
1404 2021 1803 2106 perspicaces,

586 2117 704 2180 BA.
765 2140 903 2181 ecce
931 2118 1163 2198 lauruS‚
1194 2144 1332 2184 ecce
1362 2122 1723 2190 fonticulus,

583 2218 704 2280 AL,
766 2219 1162 2282 commodum
1196 2223 1503 2307 profecto,

367 2351 433 2388 20
583 2320 700 2382 BA.
763 2342 1035 2406 asperge.

582 2422 702 2482 AL.
763 2421 1058 2496 intende;
1103 2424 1403 2490 videsne?

580 2523 697 2585 BA,
759 2532 1070 2607 quantum
1101 2535 1307 2593 antea.
1398 2554 1658 2618 asperge
1685 2556 1914 2602 rursus,

580 2625 700 2686 AL.
762 2623 969 2687 iamne
998 2626 1216 2693 vides?

577 2721 692 2782 BA.
756 2724 1153 2791 tantundem.
1243 2752 1505 2816 asperge
1536 2735 1862 2821 copiosius,

361 2853 422 2905 25
575 2823 694 2885 AL.
757 2823 880 2885 iam
915 2825 1109 2903 videS‚
1138 2830 1383 2915 opinor.

576 2925 692 2986 BA,
755 2926 948 2988 immo
980 2928 1084 2990 vix
1113 2937 1181 2993 te
1211 2932 1413 2997 video,

574 3029 690 3089 AL.
755 3029 959 3106 miser,
999 3054 1189 3115 quam
1234 3036 1490 3120 penitus
1535 3037 1746 3100 oculos
1790 3044 1936 3101 tuos
1980 3037 2230 3105 obsedit

443 3129 665 3191 Scotus
691 3135 703 3193 ἱ
789 3154 1003 3194 verum
1036 3156 1164 3197 non
1195 3143 1291 3198 est
1320 3138 1494 3222 quod
1535 3141 1840 3205 crucieris,
1931 3144 2227 3227 praestit-

441 3230 564 3291 erit
613 3231 875 3295 fortasse
926 3258 1053 3297 non
1106 3236 1339 3315 videre,
1391 3262 1469 3302 ne
1521 3240 1636 3303 tali
1693 3243 1972 3326 praemio
2020 3243 2227 3309 videas

359 3356 421 3406 30
443 3331 680 3409 Musas,
729 3335 902 3419 quali
947 3339 1238 3404 Actaeon
1283 3340 1448 3403 vidit
1493 3343 1785 3408 Dianam.
1876 3347 2222 3431 periculum
